@incollection{swinnerton1973,
  title={On $\ell$-adic representations and congruences for coefficients of modular forms},
  author={Swinnerton-Dyer, Henry Peter Francis},
  booktitle={Modular functions of one variable III},
  pages={1--55},
  year={1973},
  publisher={Springer}
}

@article{bugeaud2006classical,
  title={Classical and modular approaches to exponential Diophantine equations I. Fibonacci and Lucas perfect powers},
  author={Bugeaud, Yann and Mignotte, Maurice and Siksek, Samir},
  journal={Annals of Mathematics},
  pages={969--1018},
  year={2006},
  publisher={JSTOR}
}

@article {bugeaud2006classical2,
    AUTHOR = {Bugeaud, Yann and Mignotte, Maurice and Siksek, Samir},
     TITLE = {Classical and modular approaches to exponential {D}iophantine
              equations. {II}. {T}he {L}ebesgue-{N}agell equation},
   JOURNAL = {Compos. Math.},
  FJOURNAL = {Compositio Mathematica},
    VOLUME = {142},
      YEAR = {2006},
    NUMBER = {1},
}


@article{silliman2015powers,
  title={Powers in Lucas sequences via Galois representations},
  author={Silliman, Jesse and Vogt, Isabel},
  journal={Proceedings of the American Mathematical Society},
  volume={143},
  number={3},
  pages={1027--1041},
  year={2015}
}

@article{balakrishnan2020variants,
  title={Variants of Lehmer's speculation for newforms},
  author={Balakrishnan, Jennifer S and Craig, William and Ono, Ken and Tsai, Wei-Lun},
  journal={arXiv preprint arXiv:2005.10354},
  year={2020}
}

@article {bilu2001existence,
    AUTHOR = {Bilu, Yu. and Hanrot, G. and Voutier, P. M.},
     TITLE = {Existence of primitive divisors of {L}ucas and {L}ehmer
              numbers},
      NOTE = {With an appendix by M. Mignotte},
   JOURNAL = {J. Reine Angew. Math.},
  FJOURNAL = {Journal f\"{u}r die Reine und Angewandte Mathematik. [Crelle's
              Journal]},
    VOLUME = {539},
      YEAR = {2001},
     PAGES = {75--122},
}

@article {bennett2004ternary,
    AUTHOR = {Bennett, Michael A. and Skinner, Chris M.},
     TITLE = {Ternary {D}iophantine equations via {G}alois representations
              and modular forms},
   JOURNAL = {Canad. J. Math.},
  FJOURNAL = {Canadian Journal of Mathematics. Journal Canadien de
              Math\'{e}matiques},
    VOLUME = {56},
      YEAR = {2004},
    NUMBER = {1},
     PAGES = {23--54},
}

@article {breuil2001modularity,
    AUTHOR = {Breuil, Christophe and Conrad, Brian and Diamond, Fred and
              Taylor, Richard},
     TITLE = {On the modularity of elliptic curves over {$\mathbb{Q}$}: wild
              3-adic exercises},
   JOURNAL = {J. Amer. Math. Soc.},
  FJOURNAL = {Journal of the American Mathematical Society},
    VOLUME = {14},
      YEAR = {2001},
    NUMBER = {4},
     PAGES = {843--939},
}


@article {taylor1995heckealgebras,
    AUTHOR = {Taylor, Richard and Wiles, Andrew},
     TITLE = {Ring-theoretic properties of certain {H}ecke algebras},
   JOURNAL = {Ann. of Math. (2)},
  FJOURNAL = {Annals of Mathematics. Second Series},
    VOLUME = {141},
      YEAR = {1995},
    NUMBER = {3},
     PAGES = {553--572},
}

@article {Wiles1995modular,
    AUTHOR = {Wiles, Andrew},
     TITLE = {Modular elliptic curves and {F}ermat's last theorem},
   JOURNAL = {Ann. of Math. (2)},
  FJOURNAL = {Annals of Mathematics. Second Series},
    VOLUME = {141},
      YEAR = {1995},
    NUMBER = {3},
     PAGES = {443--551},
}

@article {ribet1991levellowering,
    AUTHOR = {Ribet, Kenneth A.},
     TITLE = {Lowering the levels of modular representations without
              multiplicity one},
   JOURNAL = {Internat. Math. Res. Notices},
  FJOURNAL = {International Mathematics Research Notices},
      YEAR = {1991},
    NUMBER = {2},
     PAGES = {15--19},
}

@article{petho1991pell,
  title={The Pell sequence contains only trivial perfect powers},
  author={Peth\H{o}, A},
  journal={Coll. Math. Soc. J. Bolyai},
  volume={60},
  pages={561--568},
  year={1991}
}

@article {Petho1982perfect,
    AUTHOR = {Peth\H{o}, Attila},
     TITLE = {Perfect powers in second order linear recurrences},
   JOURNAL = {J. Number Theory},
  FJOURNAL = {Journal of Number Theory},
    VOLUME = {15},
      YEAR = {1982},
    NUMBER = {1},
     PAGES = {5--13},
}


@article {Bugeaud2008integral,
    AUTHOR = {Bugeaud, Yann and Mignotte, Maurice and Siksek, Samir and
              Stoll, Michael and Tengely, Szabolcs},
     TITLE = {Integral points on hyperelliptic curves},
   JOURNAL = {Algebra \& Number Theory},
  FJOURNAL = {Algebra \& Number Theory},
    VOLUME = {2},
      YEAR = {2008},
    NUMBER = {8},
     PAGES = {859--885},
}

@article{shorey1983diophantine,
  title={On the Diophantine equation $ax^{2t}+ bx^ty+ cy^2= d$ and pure powers in recurrence sequences},
  author={Shorey, Tarlok N and Stewart, Cameron L},
  journal={Mathematica Scandinavica},
  pages={24--36},
  year={1983},
  publisher={JSTOR}
}

@article{murty1987odd,
  title={Odd values of the Ramanujan $\tau$-function},
  author={Murty, M Ram and Murty, V Kumar and Shorey, TN},
  journal={Bulletin de la Soci{\'e}t{\'e} Math{\'e}matique de France},
  volume={115},
  pages={391--395},
  year={1987}
}

@phdthesis{barros2010lebesgue,
  title={On the Lebesgue-Nagell equation and related subjects},
  author={Barros, Carlos Filipe},
  year={2010},
  school={University of Warwick}
}

@article{bugeaud1996bounds,
  title={Bounds for the solutions of Thue-Mahler equations and norm form equations},
  author={Bugeaud, Yann and Gy{\H{o}}ry, K{\'a}lm{\'a}n},
  journal={Acta Arithmetica},
  volume={74},
  number={3},
  pages={273--292},
  year={1996}
}

@article{balakrishnan2020short,
  title={Variations of Lehmer's Conjecture for Ramanujan's tau-function},
  author={Balakrishnan, Jennifer S and Craig, William and Ono, Ken},
  journal={Journal of Number Theory},
  year={2020},
  publisher={Elsevier}
}

@book {Ono2004web,
    AUTHOR = {Ono, Ken},
     TITLE = {The web of modularity: arithmetic of the coefficients of
              modular forms and {$q$}-series},
    SERIES = {CBMS Regional Conference Series in Mathematics},
    VOLUME = {102},
 PUBLISHER = {Published for the Conference Board of the Mathematical
              Sciences, Washington, DC; by the American Mathematical
              Society, Providence, RI},
      YEAR = {2004},
}


@book {Cohen2017modular,
    AUTHOR = {Cohen, Henri and Str\"{o}mberg, Fredrik},
     TITLE = {Modular forms},
    SERIES = {Graduate Studies in Mathematics},
    VOLUME = {179},
      NOTE = {A classical approach},
 PUBLISHER = {American Mathematical Society, Providence, RI},
      YEAR = {2017},
}

@book{apostol2012modular,
    AUTHOR = {Apostol, Tom M.},
     TITLE = {Modular functions and {D}irichlet series in number theory},
    SERIES = {Graduate Texts in Mathematics},
    VOLUME = {41},
   EDITION = {Second},
 PUBLISHER = {Springer-Verlag, New York},
      YEAR = {1990},
}

@article {Poonen1998some,
    AUTHOR = {Poonen, Bjorn},
     TITLE = {Some {D}iophantine equations of the form {$x^n+y^n=z^m$}},
   JOURNAL = {Acta Arith.},
  FJOURNAL = {Acta Arithmetica},
    VOLUME = {86},
      YEAR = {1998},
    NUMBER = {3},
     PAGES = {193--205},
}

@article {Darmon1997winding,
    AUTHOR = {Darmon, Henri and Merel, Lo\"{\i}c},
     TITLE = {Winding quotients and some variants of {F}ermat's last
              theorem},
   JOURNAL = {J. Reine Angew. Math.},
  FJOURNAL = {Journal f\"{u}r die Reine und Angewandte Mathematik. [Crelle's
              Journal]},
    VOLUME = {490},
      YEAR = {1997},
     PAGES = {81--100},
}

@article {Elkies1987existence,
    AUTHOR = {Elkies, Noam D.},
     TITLE = {The existence of infinitely many supersingular primes for
              every elliptic curve over {${\mathbb{Q}}$}},
   JOURNAL = {Invent. Math.},
  FJOURNAL = {Inventiones Mathematicae},
    VOLUME = {89},
      YEAR = {1987},
    NUMBER = {3},
     PAGES = {561--567},
}

@article {Choie2005linear,
    AUTHOR = {Choie, Youngju and Kohnen, Winfried and Ono, Ken},
     TITLE = {Linear relations between modular form coefficients and
              non-ordinary primes},
   JOURNAL = {Bull. London Math. Soc.},
  FJOURNAL = {The Bulletin of the London Mathematical Society},
    VOLUME = {37},
      YEAR = {2005},
    NUMBER = {3},
     PAGES = {335--341},
}

@article {Seokho2016note,
    AUTHOR = {Jin, Seokho and Ma, Wenjun and Ono, Ken},
     TITLE = {A note on non-ordinary primes},
   JOURNAL = {Proc. Amer. Math. Soc.},
  FJOURNAL = {Proceedings of the American Mathematical Society},
    VOLUME = {144},
      YEAR = {2016},
    NUMBER = {11},
     PAGES = {4591--4597},
}

@misc{Onoprivatecommunication,
  AUTHOR = {Ono, Ken},
  HOWPUBLISHED = {Personal communication},
  date = "2020-07-15",
}