
@article {Wiles2,
    AUTHOR = {Wiles, Andrew},
     TITLE = {The {I}wasawa conjecture for totally real fields},
   JOURNAL = {Ann. of Math. (2)},
  FJOURNAL = {Annals of Mathematics. Second Series},
    VOLUME = {131},
      YEAR = {1990},
    NUMBER = {3},
     PAGES = {493--540}
}


@book {Tate,
    AUTHOR = {Tate, John},
     TITLE = {Les conjectures de {S}tark sur les fonctions {$L$} d'{A}rtin
              en {$s=0$}},
    SERIES = {Progress in Mathematics},
    VOLUME = {47},
      NOTE = {Lecture notes edited by Dominique Bernardi and Norbert
              Schappacher},
 PUBLISHER = {Birkh\"{a}user},
      YEAR = {1984}
}


@article {MazurWiles,
    AUTHOR = {Mazur, Barry and Wiles, Andrew},
     TITLE = {Class fields of abelian extensions of {${\mathbb{Q}}$}},
   JOURNAL = {Invent.\@ Math.\@},
  FJOURNAL = {Inventiones Mathematicae},
    VOLUME = {76},
      YEAR = {1984},
    NUMBER = {2},
     PAGES = {179--330}
}

@book {NSW,
    AUTHOR = {Neukirch, J\"{u}rgen and Schmidt, Alexander and Wingberg, Kay},
     TITLE = {Cohomology of number fields},
    SERIES = {Grundlehren der Mathematischen Wissenschaften [Fundamental
              Principles of Mathematical Sciences]},
    VOLUME = {323},
   EDITION = {Second},
 PUBLISHER = {Springer-Verlag, Berlin},
      YEAR = {2008}
}




@article {BKS2,
    AUTHOR = {Burns, David and Kurihara, Masato and Sano, Takamichi},
     TITLE = {On {I}wasawa theory, zeta elements for {$\Bbb G_m$}, and the
              equivariant {T}amagawa number conjecture},
   JOURNAL = {Algebra Number Theory},
  FJOURNAL = {Algebra \& Number Theory},
    VOLUME = {11},
      YEAR = {2017},
    NUMBER = {7},
     PAGES = {1527--1571}
}

@article {MazurRubin,
    AUTHOR = {Mazur, Barry and Rubin, Karl},
     TITLE = {Refined class number formulas for {$\Bbb G_m$}},
   JOURNAL = {J. Th\'{e}or. Nombres Bordeaux},
  FJOURNAL = {Journal de Th\'{e}orie des Nombres de Bordeaux},
    VOLUME = {28},
      YEAR = {2016},
    NUMBER = {1},
     PAGES = {185--211}
}

@article {Sano,
    AUTHOR = {Sano, T.},
     TITLE = {Refined abelian {S}tark conjectures and the equivariant
              leading term conjecture of {B}urns},
   JOURNAL = {Compos. Math.},
  FJOURNAL = {Compositio Mathematica},
    VOLUME = {150},
      YEAR = {2014},
    NUMBER = {11},
     PAGES = {1809--1835}
}





@article {Rubin96,
    AUTHOR = {Rubin, Karl},
     TITLE = {A {S}tark conjecture ``over {$\mathbb{Z}$}'' for abelian
              {$L$}-functions with multiple zeros},
   JOURNAL = {Ann. Inst. Fourier (Grenoble)},
  FJOURNAL = {Universit\'{e} de Grenoble. Annales de l'Institut Fourier},
    VOLUME = {46},
      YEAR = {1996},
    NUMBER = {1},
     PAGES = {33--62}
}



@incollection {Popescu,
    AUTHOR = {Popescu, Cristian D.\@},
     TITLE = {Integral and {$p$}-adic refinements of the abelian {S}tark
              conjecture},
 BOOKTITLE = {Arithmetic of {$L$}-functions},
    SERIES = {IAS/Park City Math. Ser.},
    VOLUME = {18},
     PAGES = {45--101},
 PUBLISHER = {Amer. Math. Soc., Providence, RI},
      YEAR = {2011}
}

@incollection {Burns11,
    AUTHOR = {Burns, David},
     TITLE = {An introduction to the equivariant {T}amagawa number
              conjecture: the relation to {S}tark's conjecture},
 BOOKTITLE = {Arithmetic of {$L$}-functions},
    SERIES = {IAS/Park City Math. Ser.},
    VOLUME = {18},
     PAGES = {125--152},
 PUBLISHER = {Amer. Math. Soc., Providence, RI},
      YEAR = {2011}
}



@article {BKS,
    AUTHOR = {Burns, David and Kurihara, Masato and Sano, Takamichi},
     TITLE = {On zeta elements for {$\Bbb G_m$}},
   JOURNAL = {Doc. Math.},
  FJOURNAL = {Documenta Mathematica},
    VOLUME = {21},
      YEAR = {2016},
     PAGES = {555--626}
}


@article {Burns07,
    AUTHOR = {Burns, David},
     TITLE = {Congruences between derivatives of abelian {$L$}-functions at
              {$s=0$}},
   JOURNAL = {Invent. Math.},
  FJOURNAL = {Inventiones Mathematicae},
    VOLUME = {169},
      YEAR = {2007},
    NUMBER = {3},
     PAGES = {451--499}
}



@article {EulerSystemsSagaI,
    AUTHOR = {Burns, David and Sano, Takamichi},
     TITLE = {On the theory of higher rank Euler Euler, Kolyvagin and Stark systems},
   JOURNAL = {International Mathematics Research Notices},
  note = {To appear},
      YEAR = {2019}
}

@unpublished {EulerSystemsSagaII,
    AUTHOR = {Burns, David and Sakamoto, Ryotaro and Sano, Takamichi},
     TITLE = {On the theory of higher rank Euler Euler, Kolyvagin and Stark systems, II},
   note = {Preprint, arXiv:1805.08448},
      YEAR = {2019}
}

@unpublished {EulerSystemsSagaIII,
    AUTHOR = {Burns, David and Sakamoto, Ryotaro and Sano, Takamichi},
     TITLE = {On the theory of higher rank Euler Euler, Kolyvagin and Stark systems III: applications},
   note = {Preprint, arXiv:1902.07002},
      YEAR = {2019}
}

@unpublished {EulerSystemsSagaIV,
    AUTHOR = {Burns, David and Sakamoto, Ryotaro and Sano, Takamichi},
     TITLE = {On the theory of higher rank Euler Euler, Kolyvagin and Stark systems IV: the multiplicative group},
   note = {Preprint, arXiv:1903.09509},
      YEAR = {2019}
}



@unpublished{Sakamoto20,
title={A higher rank Euler system for the multiplicative group over a totally real field},
author={Sakamoto, Ryotaro},
note={Preprint, arXiv:2002.04871},
year={2020}
}


@article{Wilkerson,
  title={Finite dimensional group rings},
  author={Wilkerson, Ralph W},
  journal={Proceedings of the American Mathematical Society},
  volume={41},
  number={1},
  pages={10--16},
  year={1973}
}


@article{Goodearl-Warfield,
  title={An introduction to non-commutative Noetherian rings, (Cambridge Uni. Press, 2004)},
  author={Goodearl, KR and Warfield Jr, RB},
  journal={MR2080008 (2005b: 16001)}
}


@article{AtiyahMacdonald,
  title={Introduction to commutative algebra, AddisonWesley},
  author={Atiyah, M.F.\@ and Macdonald, I.G.\@},
  journal={Reading, MA},
  year={1969}
}


@article{BurnsGreither,
  title={On the equivariant Tamagawa number conjecture for Tate motives},
  author={Burns, David and Greither, Cornelius},
  journal={Inventiones mathematicae},
  volume={153},
  number={2},
  pages={303--359},
  year={2003},
  publisher={Springer}
}


@book{CurtisReiner,
  title={Methods of Representation Theory With Applications to Finite Groups and Orders, Vol. 1.},
  author={Curtis, Charles W. and Reiner, Irving},
  publisher={John Wiley and Sons},
  year={1981}
}



@incollection{Iwasawa,
  title={Some problems on cyclotomic fields and $\mathbb{Z}_p$-extensions},
  booktitle={Kenkichi Iwasawa: collected papers},
  author={Iwasawa, Kenkichi},
  volume={1},
  year={2001},
  publisher={Springer Verlag}
}

@unpublished{HoferKleine,
title={On the Gross order of vanishing conjecture for large vanishing orders},
author={Hofer, Martin and Kleine, S\"oren},
note={Preprint},
year={2020}
}


@article{KraftSchoof,
  title={Computing Iwasawa modules of real quadratic number fields},
  author={Kraft, James S.\@ and Schoof, Ren{\'e}},
  journal={Compositio Mathematica},
  volume={97},
  number={1-2},
  pages={135--155},
  year={1995}
}

@article{Solomon2014,
  title={Some new maps and ideals in classical Iwasawa theory with applications},
  author={Solomon, David},
  journal={Acta Arithmetica},
  volume={2},
  number={162},
  pages={101--140},
  year={2014}
}



@inproceedings{NQD14,
  title={On equivariant characteristic ideals of real classes},
  author={Do, Thong Nguyen Quang},
  booktitle={Iwasawa Theory 2012},
  pages={379--399},
  year={2014},
  publisher={Springer}
}



@article{Greenberg,
  title={On the Iwasawa invariants of totally real number fields},
  author={Greenberg, Ralph},
  journal={American Journal of Mathematics},
  volume={98},
  number={1},
  pages={263--284},
  year={1976},
  publisher={JSTOR}
}


@article{Gold,
  title={Rational Coates-Wiles series},
  author={Gold, Robert},
  journal={Illinois Journal of Mathematics},
  volume={28},
  number={3},
  pages={379--382},
  year={1984},
  publisher={University of Illinois at Urbana-Champaign}
}


@article{bst,
    AUTHOR = {Burns, David and Sano, Takamichi and Tsoi, Kwok-Wing},
     TITLE = {On higher special elements of $p$-adic representations},
   JOURNAL = {International Mathematics Research Notices},
  note = {To appear},
      YEAR = {2019}
}

@unpublished{daoud,
AUTHOR={Daoud, Alexandre},
TITLE={On Euler Systems for $p$-adic representations},
NOTE={In preparation},
YEAR={2020}
}

@book{Washington,
  title={Introduction to cyclotomic fields},
  author={Washington, Lawrence C},
  volume={83},
  year={1997},
  publisher={Springer Science \& Business Media}
}

@book{Bourbaki,
  title={Elements of Mathematics. Algebra, Part I: Chapters 1-3},
  author={Bourbaki, Nicolas},
  note={Translated from the French},
  publisher={Hermann},
  year={1974}
}

@article{Sinnott,
  title={On the Stickelberger ideal and the circular units of an abelian field},
  author={Sinnott, Warren},
  journal={Inventiones mathematicae},
  volume={62},
  number={2},
  pages={181--234},
  year={1980},
  publisher={Springer}
}

@article{CornacchiaGreither,
  title={Fitting ideals of class groups of real fields with prime power conductor},
  author={Cornacchia, Pietro and Greither, Cornelius},
  journal={Journal of Number Theory},
  volume={73},
  number={2},
  pages={459--471},
  year={1998},
  publisher={Elsevier}
}


@article{Greither,
  title={Sur les normes universelles dans les $ \ZZ\_p $-extensions},
  author={Greither, Cornelius},
  journal={Journal de th{\'e}orie des nombres de Bordeaux},
  volume={6},
  number={2},
  pages={205--220},
  year={1994}
}

@article{Kuzmin,
  title={The Tate module for algebraic number fields},
  author={Kuz'min, Leonid Viktorovich},
  journal={Mathematics of the USSR-Izvestiya},
  volume={6},
  number={2},
  pages={263},
  year={1972},
  publisher={IOP Publishing}
}

@article{emsalem,
    title={Sur les ideaux dont l'image par l'application d'Artin dans une $\ZZ_p$-extension est triviale},
    author={Emsalem, Michel},
    journal={Journal f\"ur die reine und angewandte Mathematik},
    volume={382},
    year={1987},
    pages={181-198}
}


@book{matsumura,
  title={Commutative ring theory},
  author={Matsumura, Hideyuki},
  volume={8},
  year={1989},
  publisher={Cambridge university press}
}

@article{coates-sujatha,
    title={Fine Selmer groups of elliptic curves over $p$-adic Lie
extensions},
    author={Coates, John and Sujatha, Ramdorai},
    journal= {Mathematische Annalen},
    volume={331},
    year={2005},
    pages={809-839}
}

@article{lim,
    title={Notes on the fine Selmer groups},
    author={Lim, Meng Fai},
    journal={Asian Journal of Mathematics},
    volume={21},
    number={2},
    year={2007},
    pages={337-362}
}

@inproceedings{Flach,
  title={The equivariant Tamagawa number conjecture: a survey},
  author={Flach, Matthias},
  booktitle={Stark’s conjectures: recent work and new directions},
  volume={358},
  pages={79--125},
  year={2004}
}

@article{Bley,
  title={Equivariant Tamagawa number conjecture for abelian extensions of a quadratic imaginary field},
  author={Bley, Werner},
  journal={Doc. Math},
  volume={11},
  number={73},
  pages={118},
  year={2006}
}

@article{NQDV,
  title={Nombres de Weil, sommes de Gauss et annulateurs galoisiens},
  author={Do, Thong Nguyen Quang and Nicolas, V{\'e}sale},
  journal={American Journal of Mathematics},
  volume={133},
  number={6},
  pages={1533--1571},
  year={2011},
  publisher={Johns Hopkins University Press}
}


@inproceedings{Cornelius,
  title={Arithmetic annihilators and Stark-type conjectures},
  author={Greither, Cornelius},
  booktitle={Stark's Conjectures: Recent work and new directions, Papers from the international conference on Stark's Conjectures and related topics, Johns Hopkins University, Baltimore},
  pages={55--78},
  year={2002}
}

@article{kato,
    title={$p$-adic Hodge theory and values of zeta functions of modular forms},
    author={Kato, Kazuya},
    journal={Ast\'erisque},
    volume={295},
    year={2004},
    pages={117-290}
}


@article {PR95,
    AUTHOR = {Perrin-Riou, Bernadette},
     TITLE = {Fonctions {$L$} {$p$}-adiques des repr\'{e}sentations
              {$p$}-adiques},
   JOURNAL = {Ast\'{e}risque},
  FJOURNAL = {Ast\'{e}risque},
    NUMBER = {229},
      YEAR = {1995}
}

@article{LoefflerZerbes,
  title={Iwasawa theory and p-adic L-functions over-extensions},
  author={Loeffler, David and Zerbes, Sarah Livia},
  journal={International Journal of Number Theory},
  volume={10},
  number={08},
  pages={2045--2095},
  year={2014},
  publisher={World Scientific}
}

@article{Iwasawa73,
  title={On $\mathbb{Z}_l$-extensions of algebraic number fields},
  author={Iwasawa, Kenkichi},
  journal={Annals of Mathematics},
  pages={246--326},
  year={1973}
}

@misc{LangRubin,
  title={The main conjecture, Appendix to the second edition of Serge Lang: Cyclotomic fields},
  author={Rubin, Karl},
  year={1990},
  publisher={Springer Verlag}
}

@article{wuthrich,
  title={Iwasawa theory of the fine Selmer group},
  author={Wuthrich, Christian},
  journal={Journal of Algebraic Geometry},
  volume={16},
  number={1},
  pages={83--108},
  year={2007},
  publisher={Providence, RI: University Press, c1992-}
}


@article{kato2006universal,
  title={Universal norms of $p$-units in some non-commutative Galois extensions},
  author={Kato, Kazuya},
  journal={Doc. Math},
  pages={551--565},
  year={2006}
}

@inproceedings{fukaya-kato,
  title={A formulation of conjectures on $p$-adic zeta functions in noncommutative Iwasawa theory},
  author={Fukaya, Takako},
  booktitle={Proceedings of the St. Petersburg Mathematical Society},
  pages={1--85},
  year={(2006)}
}



@article{MazurRubin03,
  title={Studying the growth of Mordell-Weil},
  author={Mazur, Barry and Rubin, Karl},
  journal={Documenta Math, Volume in honor of K. Kato},
  pages={586--607},
  year={2003}
}



@incollection{Deligne,
     author = {Deligne, Pierre},
     title = {Formes modulaires et repr\'esentations $\ell $-adiques},
     booktitle = {S\'eminaire Bourbaki : vol. 1968/69, expos\'es 347-363},
     series = {S\'eminaire Bourbaki},
     publisher = {Springer-Verlag},
     number = {11},
     year = {1971},
     note = {talk:355},
     pages = {139-172}
}



@article{Gross,
  title={p-adic L-series at s= 0},
  author={Gross, Benedict H.\@},
  journal={J. Fac. Sci. Univ. Tokyo Sect. IA Math},
  volume={28},
  number={3},
  pages={979--994},
  year={1981}
}

@article{BuSaNC,
title={On non-commutative Euler systems},
author={Burns, David and Sano, Takamichi},
   note = {Preprint, \\arXiv:2004.10564},
      YEAR = {2020}
}

@incollection{jannsen,
    author={Jannsen, Uwe},
    title={On the $\ell$-adic cohomology of varieties over number fields and its Galois cohomology},
    booktitle={Galois Groups over $\QQ$},
    series={Mathematical Sciences Research
Institute Publications},
volume={16},
publisher={Springer},
year={1989}
}