@article{Lebesgue13,
author = "Lebesgue, H.",
title = "{Sur des cas d'impossibilit{\'e} du probl{\`e}me de Dirichlet ordinaire}",
journal = "C.R. S{\'e}ances Soc. Math. France",
pages = "17",
year = "1913",
}

@article{Love49,
author = "Love, R.R.",
title = "{The electrostatic field of two equal circular co-axial conducting disks}",
journal = "Q. J. Mech. Appl. Math.",
volume = "{\bf 2}",
number = "4",
pages = "428--451",
year = "1949",
doi = "10.1093/qjmam/2.4.428",
url = "https://doi.org/10.1093/qjmam/2.4.428",
}

@article{MN57,
author = "Morrey Jr., C.B. and Nirenberg, L.",
title = "{On the Analyticity of the Solutions of Linear Elliptic Systems of Partial Differential Equations}",
journal = "Commun. Pure Appl. Math.",
volume = "{\bf 10}",
year = "1957",
pages = "271--290",
doi = "10.1002/cpa.3160100204",
}

@article{Morrey58,
author = "Morrey Jr., C.B.",
title = "{On the Analyticity of the Solutions of Analytic Non-Linear Elliptic Systems of Partial Differential Equations: Part I. Analyticity in the Interior}",
journal = "Am. J. Math.",
volume = "{\bf 10}",
year = "1958",
pages = "198--218",
doi = "10.2307/2372830",
}

@article{Moser61,
author = "Moser, J.",
title = "{On Harnack's theorem for elliptic differential equations}",
journal = "Commun. Pure Appl. Math.",
volume = "{\bf 14}",
year = "1961",
pages = "577--591",
doi = "10.1002/cpa.3160140329",
}

@article{Erma63,
author = "Erma, V.A.",
title = "{Perturbation Approach to the Electrostatic Problem for Irregularly Shaped Conductors}",
journal = "J. Math. Phys.",
volume = "{\bf 4}",
year = "1963",
pages = "1517--1526",
doi = "10.1063/1.1703933",
}

@article{Hutson63, 
author = "Hutson, V.",
title = "{The circular plate condenser at small separations}",
journal = {Math. Proc. Camb. Philos. Soc.},
volume = {\bf 59}, 
year = "1963",
pages = "211â€“-224",
doi = "10.1017/S0305004100002152",
}

@article{SW66,
author = "Serrin, J. and Weinberger, H.F.",
title = "{Isolated Singularities of Solutions of Linear Elliptic Equations}",
journal = "Am. J. Math.",
volume = "{\bf 88}",
year = "1966",
pages = "258--272",
doi = "10.2307/2373060",
}

@article{SBS86,
author = "Sloggett, G.J. and Barton, N.G. and Spencer, S.J.",
title = "{Fringing fields in disc capacitors}",
journal = "J. Phys. A",
volume = "{\bf 19}",
year = "1986",
number = "14",
pages = "2725--2736",
doi = "10.1088/0305-4470/19/14/012",
url = "https://doi.org/10.1088%2F0305-4470%2F19%2F14%2F012",
}

@article{MM03,
author = "Mitrea, D. and Mitrea, I.",
title = "{On the Besov regularity of conformal maps and layer potentials on nonsmooth domains}",
journal = "J. Funct. Anal.",
volume = "201",
number = "{\bf 2}",
year = "2003",
pages = "380--429",
doi = "https://doi.org/10.1016/S0022-1236(03)00086-7",
url = "http://www.sciencedirect.com/science/article/pii/S0022123603000867",
}

@article{Rao05,
author = "Rao, T.V.",
title = "{Capacity of the circular plate condenser: analytical solutions for large gaps between the plates}",
journal = "J. Phys. A",
volume = "{\bf 38}",
year = "2005",
number = "46",
pages = "10037--10056",
doi = "10.1088/0305-4470/38/46/010",
url = "https://doi.org/10.1088%2F0305-4470%2F38%2F46%2F010",
}

@article{HD08,
author = "Herrera, W.J. and Diaz, R.A.",
title = "{The geometrical nature and some properties of the capacitance coefficients based on Laplace's equation}",
journal = "Am. J. Phys.",
volume = "{\bf 76}",
year = "2008",
pages = "55--59",
doi = "10.1119/1.2800355",
}

@article{HD11,
author = "Diaz, R.A. and Herrera, W.J.",
title = "{The positivity and other properties of the matrix of capacitance: Physical and mathematical implications}",
journal = "J. Electrostat.",
volume = "{\bf 69}",
year = "2011",
pages = "587--595",
doi = "10.1016/j.elstat.2011.08.001",
}

@article{JS15,
author = "James, M.C. and Solheim, J.R.",
title = "{The effect of trapped charge on series capacitors}",
journal = "Am. J. Phys.",
volume = "{\bf 83}",
number = "7",
pages = "621--627",
year = "2015",
doi = "10.1119/1.4916888",
url = "https://doi.org/10.1119/1.4916888",
}

@article{PCDiLM16,
author = "Paffuti, G. and Cataldo, E. and Di Lieto, A. and Maccarrone, F.",
title = "{Circular plate capacitor with different discs}",
journal = "Proc. R. Soc. A",
volume = "{\bf 472}",
number = "2194",
pages = "20160574",
year = "2016",
doi = "10.1098/rspa.2016.0574",
url = "https://royalsocietypublishing.org/doi/abs/10.1098/rspa.2016.0574",
}

@article{Paffuti17,
author = "Paffuti, G.",
title = {Numerical and analytical results for the two discs capacitor problem},
journal = "Proc. R. Soc. A",
volume = "{\bf 473}",
number = "2197",
pages = "20160792",
year = "2017",
doi = "10.1098/rspa.2016.0792",
url = "https://royalsocietypublishing.org/doi/abs/10.1098/rspa.2016.0792",
}



@article{Lima88,
author = "Lima, E.L.",
title = "{The Jordan--Brouwer Separation Theorem for Smooth Hypersurfaces}",
journal = "Amer. Math. Monthly",
volume = "{\bf 95}",
year = "1988",
pages = "39--42",
doi = "10.2307/2323445",
}

@article{PMK09,
author = "Perles, M.A. and Martini, H. and Kupitz, Y.S.",
title = "{A Jordan--Brouwer Separation Theorem for Polyhedral Pseudomanifolds}",
journal = "Disrete Comput. Geom.",
volume = "{\bf 42}",
year = "2009",
pages = "277--304",
doi = "10.1007/s00454-009-9192-0",
}

@article{McGrath16,
author = "McGrath, P.",
title = "{On the Smooth Jordan Brouwer Separation Theorem}",
journal = "Amer. Math. Monthly",
volume = "{\bf 123}",
year = "2016",
pages = "292--295",
doi = "10.4169/amer.math.monthly.123.3.292",
}







@Book{Maxwell,
 author = {Maxwell, J.C.},
 title = "{A Treatise on Electricity and Magnetism}",
 publisher = {Dover Publications},
 year = {[1873] 2007},
 address = {New York},
 isbn = {978-0486461199}
 }

@Book{AG,
 author = {Armitage, D.H. and Gardiner, S.J.},
 title = {Classical Potential Theory},
 publisher = {Springer},
 year = {2001},
 address = {London},
 isbn = {978-1852336189}
 }

@Book{ABR,
 author = {Axler, S. and Bourdon, P. and Ramey, W.},
 title = {Harmonic Function Theory},
 publisher = {Springer},
 year = {2001},
 address = {New York},
 isbn = {978-0387952185}
 }

@Book{BT,
 author = {Batygin, V. and Toptygin, I.N.},
 title = {Problems in Electrodynamics},
 publisher = {Academic Press},
 year = {1978},
 address = {London New York},
 isbn = {978-0120821600}
 }

@Book{Bladel,
 author = {Van Bladel, J.G.},
 title = {Electromagnetic Fields},
 publisher = {Wiley-Interscience John Wiley, distributor},
 year = {2007},
 address = {Hoboken, N.J. Chichester},
 isbn = {978-0471263883}
 }

@Book{CPK,
 author = {Chirgwin, B. and Plumpton, C. and Kilmister, C.W.},
 title = {Elementary Electromagnetic Theory. Volume 1: Steady Electric Fields and Currents},
 publisher = {Pergamon Press},
 year = {1971},
 address = {Oxford,New York},
 isbn = {978-0080160801}
 }

@Book{Evans,
 author = {Evans, L.},
 title = {Partial Differential Equations},
 publisher = {American Mathematical Society},
 year = {2010},
 address = {Providence, R.I},
 isbn = {978-0821849743}
 }

@Book{Federer,
 author = {Federer, H.},
 title = {Geometric Measure Theory},
 publisher = {Springer},
 year = {1996},
 address = {Berlin New York},
 isbn = {978-3540606567}
 }

@Book{Garg,
 author = {Garg, A.},
 title = "{Classical Electromagnetism in a Nutshell}",
 publisher = {Princeton University Press},
 year = {2012},
 address = {Princeton N.J},
 isbn = {978-0691130187}
 }

@Book{GT,
 author = {Gilbarg, D. and Trudinger, N.S.},
 title = "{Elliptic Partial Differential Equations of Second Order}",
 publisher = {Springer},
 year = {2001},
 address = {Berlin Heidelberg New York Barcelona Hong Kong London Milan Paris Singapore Tokyo},
 isbn = {978-3-642-61798-0}
 }

@Book{GP,
 author = {Guillemin, V. and Pollack, V.},
 title = {Differential Topology},
 publisher = {Prentice-Hall},
 year = {1974},
 address = {Englewood Cliffs, N.J},
 isbn = {978-0132126052}
 }

@Book{Greiner,
 author = {Greiner, W.},
 title = "{Classical Electrodynamics}",
 publisher = {Springer},
 year = {1998},
 address = {New York},
 isbn = {978-0387947990}
 }

@Book{Grisvard,
 author = {Grisvard, P.},
 title = {Elliptic Problems in Nonsmooth Domains},
 publisher = {Society for Industrial and Applied Mathematics},
 year = {2011},
 address = {Philadelphia, Pa},
 isbn = {978-1611972023}
 }

@Book{HL,
 author = {Han, Q. and Lin, F.},
 title = {Elliptic Partial Differential Equations},
 publisher = {American Mathematical Society},
 year = {2011},
 address = {New York, N.Y. Providence, R.I},
 isbn = {978-0821853139}
 }

@Book{Jack,
 author = {Jackson, J.},
 title = "{Classical Electrodynamics}",
 publisher = {Wiley},
 year = {1999},
 address = {New York},
 isbn = {978-0471309321}
 }

@Book{Kittel,
 author = {Kittel, C.},
 title = {Elementary Statistical Physics},
 publisher = {Dover Publications},
 year = {2004},
 address = {Mineola, N.Y.},
 isbn = {978-0486435145}
 }

@Book{Kellogg,
 author = {Kellogg, O.D.},
 title = "{Foundations of Potential Theory}",
 publisher = {Springer},
 year = {1929},
 address = {Berlin},
 isbn = {978-3-642-90850-7}
 }

@Book{LLED,
 author = {Landau, L.D. and Lifshitz, E.M.},
 title = "{Electrodynamics of Continuous Media}",
 publisher = {Pergamon},
 year = {1984},
 address = {Oxford Oxfordshire New York},
 isbn = {978-0080302751}
 }

@Book{LeeSmooth,
 author = {Lee, J.M.},
 title = "{Introduction to Smooth Manifolds}",
 publisher = {Springer},
 year = {2003},
 address = {New York},
 isbn = {978-0387954486}
 }

@Book{Morgan,
 author = {Morgan, F.},
 title = {Geometric Measure Theory: A Beginner's Guide},
 publisher = {Elsevier Ltd},
 year = {2016},
 address = {Amsterdam},
 isbn = {978-0128044896}
 }

@Book{Morrey,
 author = {Morrey, C.},
 title = {Multiple Integrals in the Calculus of Variations},
 publisher = {Springer},
 year = {2008},
 address = {Berlin},
 isbn = {978-3540699156}
 }

@Book{Muller,
 author = {M{\"u}ller-Kirsten, H.J.W.},
 title = {Electrodynamics: An Introduction Including Quantum Effects},
 publisher = {World Scientific},
 year = {2004},
 address = {Hackensack, NJ Singapore},
 isbn = {978-9812388070}
 }

@Book{NB,
 author = {Nayfeh, M.H. and Brussel, M.},
 title = {Electricity and Magnetism},
 publisher = {Dover Publications, Inc},
 year = {2015},
 address = {Mineola, New York},
 isbn = {978-0486789712}
 }

@Book{Ohanian,
 author = {Ohanian, H.},
 title = {Classical Electrodynamics},
 publisher = {Infinity Science Press},
 year = {2007},
 address = {Hingham, Mass},
 isbn = {978-0977858279}
 }

@Book{PP,
 author = {Popovi{\'c}, Z. and Popovi{\'c}, B.D.},
 title = {Introductory Electromagnetics},
 publisher = {Prentice Hall},
 year = {2000},
 address = {Upper Saddle River, NJ},
 isbn = {978-0201326789}
 }

@Book{PS,
 author = {P{\'o}lya, G. and Szeg{\H{o}}, G.},
 title = "{Isoperimetric Inequalities in Mathematical Physics}",
 publisher = {Princeton University Press },
 year = {1951},
 address = {Princeton},
 isbn = {978-0691079882}
 }

@Book{Salsa,
 author = {Salsa, S.},
 title = {Partial Differential Equations in Action: From Modelling to Theory},
 publisher = {Springer},
 year = {2015},
 address = {Cham},
 isbn = {978-3319150925}
 }

@Book{Schwartz,
 author = {Schwartz, M.},
 title = {Principles of electrodynamics},
 publisher = {Dover Publications},
 year = {1987},
 address = {New York},
 isbn = {978-0486654935}
 }

@Book{SDeRMTN,
 author = {Schwinger, J. and DeRaad, L.L. and Milton, K.A. and Tsai, W. and Norton, J.},
 title = {Classical Electrodynamics},
 publisher = {Perseus Books},
 year = {1998},
 address = {Reading, Mass},
 isbn = {978-0738200569}
 }

@Book{Simon,
 author = {Simon, B.},
 title = {Harmonic Analysis. A Comprehensive Course in Analysis, Part 3},
 publisher = {American Mathematical Society},
 year = {2015},
 address = {Providence, Rhode Island},
 isbn = {978-1470411022}
 }

@Book{Smythe,
 author = {Smythe, W.},
 title = "{Static and Dynamic Electricity}",
 publisher = {Hemisphere Pub. Corp},
 year = {1989},
 address = {New York},
 isbn = {9780891169178}
 }

@Book{Toptygin,
 author = {Toptygin, I.N.},
 title = {Electromagnetic Phenomena in Matter: Statistical and Quantum Approaches},
 publisher = {Wiley-VCH},
 year = {2015},
 address = {Weinheim Germany},
 isbn = {978-3527411788}
 }

@Book{Vanderlinde,
 author = {Vanderlinde, J.},
 title = {Classical Electromagnetic Theory},
 publisher = {Kluwer Academic Publishers},
 year = {2004},
 address = {Dordrecht London},
 isbn = {978-1402026997}
 }

@Book{Wangsness,
 author = {Wangsness, R.},
 title = {Electromagnetic Fields},
 publisher = {Wiley},
 year = {1986},
 address = {New York},
 isbn = {978-0471811862}
 }

@Book{Zangwill,
 author = {Zangwill, A.},
 title = "{Modern Electrodynamics}",
 publisher = {Cambridge University Press},
 year = {2013},
 address = {Cambridge},
 isbn = {978-0521896979}
 }