


%% Cassels
@book{cassels,
  title={An introduction to the geometry of numbers},
  author={Cassels, John William Scott},
  year={2012},
  publisher={Springer Science \& Business Media}
}


%% Primitive divisors EDS
@article {EDSprimdivs,
  title = {Primitive divisors of certain elliptic divisibility sequences},
  author = {Voutier, Paul and Yabuta, Minoru},
  journal = {arXiv preprint arXiv: 1009.0872},
  year = {2010}
}



%% Recurrence Sequences
@book{recurrence,
  title={Recurrence sequences},
  author={Everest, Graham and Van Der Poorten, Alfred Jacobus and Shparlinski, Igor and Ward, Thomas and others},
  volume={104},
  year={2003},
  publisher={American Mathematical Society Providence, RI}
}




%%Schmidt
@article{schmidt,
  title={Norm form equations},
  author={Schmidt, Wolfgang M},
  journal={Annals of Mathematics},
  pages={526--551},
  year={1972},
  publisher={JSTOR}
}

%%Schmidt2 : Number of solutions
@article{schmidt2,
  title={The number of solutions of norm form equations},
  author={Schmidt, Wolfgang M},
  journal={Transactions of the American Mathematical Society},
  volume={317},
  number={1},
  pages={197--227},
  year={1990}
}


%% Ayayd

@article {ayadpaper,
    AUTHOR = {Ayad, Mohamed},
     TITLE = {Points {$\Delta$}-entiers sur les courbes elliptiques},
   JOURNAL = {J. Number Theory},
  FJOURNAL = {Journal of Number Theory},
    VOLUME = {38},
      YEAR = {1991},
    NUMBER = {3},
     PAGES = {323--337},
      ISSN = {0022-314X},
   MRCLASS = {11G05 (14H52)},
  MRNUMBER = {1114482},
       DOI = {10.1016/0022-314X(91)90022-4},
       URL = {https://doi.org/10.1016/0022-314X(91)90022-4},
}

%Silvermanbook
@book {silvermanbook,
    AUTHOR = {Silverman, Joseph H.},
     TITLE = {The arithmetic of elliptic curves},
    SERIES = {Graduate Texts in Mathematics},
    VOLUME = {106},
   EDITION = {Second},
 PUBLISHER = {Springer, Dordrecht},
      YEAR = {2009},
      PAGES = {xx+513},
      ISBN = {978-0-387-09493-9},
   MRCLASS = {11-02 (11G05 11G20 14H52 14K15)},
  MRNUMBER = {2514094},
MRREVIEWER = {Vasil\cprime  \={I}. Andr\={i}\u{i}chuk},
       DOI = {10.1007/978-0-387-09494-6},
       URL = {https://doi.org/10.1007/978-0-387-09494-6},
}

%Kruskal
@article {kruskal,
    AUTHOR = {Kruskal, Martin D.},
     TITLE = {The expected number of components under a random mapping
              function},
   JOURNAL = {Amer. Math. Monthly},
  FJOURNAL = {The American Mathematical Monthly},
    VOLUME = {61},
      YEAR = {1954},
     PAGES = {392--397},
      ISSN = {0002-9890},
   MRCLASS = {60.0X},
  MRNUMBER = {0062973},
MRREVIEWER = {R. Fortet},
       DOI = {10.2307/2307900},
       URL = {https://doi.org/10.2307/2307900},
}

% Bach
@article {bach,
    AUTHOR = {Bach, Eric},
     TITLE = {Toward a theory of {P}ollard's rho method},
   JOURNAL = {Inform. and Comput.},
  FJOURNAL = {Information and Computation},
    VOLUME = {90},
      YEAR = {1991},
    NUMBER = {2},
     PAGES = {139--155},
      ISSN = {0890-5401},
   MRCLASS = {11Y05 (11A51)},
  MRNUMBER = {1094034},
MRREVIEWER = {Maurice Mignotte},
       DOI = {10.1016/0890-5401(91)90001-I},
       URL = {https://doi.org/10.1016/0890-5401(91)90001-I},
}



% Ward
@article {ward,
    AUTHOR = {Ward, Morgan},
     TITLE = {Memoir on elliptic divisibility sequences},
   JOURNAL = {Amer. J. Math.},
  FJOURNAL = {American Journal of Mathematics},
    VOLUME = {70},
      YEAR = {1948},
     PAGES = {31--74},
      ISSN = {0002-9327},
   MRCLASS = {10.0X},
  MRNUMBER = {0023275},
MRREVIEWER = {H. S. Zuckerman},
       DOI = {10.2307/2371930},
       URL = {https://doi.org/10.2307/2371930},
}

%Hindry and Silverman

@article {hindrysilverman,
    AUTHOR = {Hindry, M. and Silverman, J. H.},
     TITLE = {The canonical height and integral points on elliptic curves},
   JOURNAL = {Invent. Math.},
  FJOURNAL = {Inventiones Mathematicae},
    VOLUME = {93},
      YEAR = {1988},
    NUMBER = {2},
     PAGES = {419--450},
      ISSN = {0020-9910},
   MRCLASS = {11G05 (11D25 14G25)},
  MRNUMBER = {948108},
MRREVIEWER = {Ernst-Ulrich Gekeler},
       DOI = {10.1007/BF01394340},
       URL = {https://doi.org/10.1007/BF01394340},
}

%Ingram

@article {ingram,
    AUTHOR = {Ingram, Patrick},
     TITLE = {Multiples of integral points on elliptic curves},
   JOURNAL = {J. Number Theory},
  FJOURNAL = {Journal of Number Theory},
    VOLUME = {129},
      YEAR = {2009},
    NUMBER = {1},
     PAGES = {182--208},
      ISSN = {0022-314X},
   MRCLASS = {11G05},
  MRNUMBER = {2468477},
MRREVIEWER = {David L. Savitt},
       DOI = {10.1016/j.jnt.2008.08.001},
       URL = {https://doi.org/10.1016/j.jnt.2008.08.001},
}

%Stange
@article {stange,
    AUTHOR = {Stange, Katherine E.},
     TITLE = {Integral points on elliptic curves and explicit valuations of
              division polynomials},
   JOURNAL = {Canad. J. Math.},
  FJOURNAL = {Canadian Journal of Mathematics. Journal Canadien de
              Math\'{e}matiques},
    VOLUME = {68},
      YEAR = {2016},
    NUMBER = {5},
     PAGES = {1120--1158},
      ISSN = {0008-414X},
   MRCLASS = {11G05 (11B37 11B39 11D25 11G07 11G50 11Y55)},
  MRNUMBER = {3536930},
MRREVIEWER = {Filip Najman},
       DOI = {10.4153/CJM-2015-005-0},
       URL = {https://doi.org/10.4153/CJM-2015-005-0},
}



%Borevich, Shafarevich
@book {borevich,
    AUTHOR = {Borevich, Z. I. and Shafarevich, I. R.},
     TITLE = {{Number Theory}},
   EDITION = {Third},
 PUBLISHER = {``Nauka'', Moscow},
      YEAR = {1985},
     PAGES = {504},
   MRCLASS = {11-01 (11Rxx)},
  MRNUMBER = {816135},
MRREVIEWER = {J. S. Joel},
}


%% BHV
@article {BHV,
    AUTHOR = {Bilu, Yu. and Hanrot, G. and Voutier, P. M.},
     TITLE = {Existence of primitive divisors of {L}ucas and {L}ehmer
              numbers},
      NOTE = {With an appendix by M. Mignotte},
   JOURNAL = {J. Reine Angew. Math.},
  FJOURNAL = {Journal f\"{u}r die Reine und Angewandte Mathematik. [Crelle's
              Journal]},
    VOLUME = {539},
      YEAR = {2001},
     PAGES = {75--122},
      ISSN = {0075-4102},
   MRCLASS = {11D59 (11B39 11Y50)},
  MRNUMBER = {1863855},
MRREVIEWER = {Yann Bugeaud},
       DOI = {10.1515/crll.2001.080},
       URL = {https://doi.org/10.1515/crll.2001.080},
}

%% BPP, characterization of divisibility sequences
@article {bpp,
    AUTHOR = {B\'ezivin, Jean-Paul and Peth\"o, Attila and van der Poorten,
              Alfred J.},
     TITLE = {A full characterisation of divisibility sequences},
   JOURNAL = {Amer. J. Math.},
  FJOURNAL = {American Journal of Mathematics},
    VOLUME = {112},
      YEAR = {1990},
    NUMBER = {6},
     PAGES = {985--1001},
      ISSN = {0002-9327},
   MRCLASS = {11B37},
  MRNUMBER = {1081812},
MRREVIEWER = {L. Skula},
       DOI = {10.2307/2374733},
       URL = {https://doi.org/10.2307/2374733},
}

%% Barbero Updated characterization
@article {barbero,
    AUTHOR = {Barbero, Stefano},
     TITLE = {Generalized {V}andermonde determinants and characterization of
              divisibility sequences},
   JOURNAL = {J. Number Theory},
  FJOURNAL = {Journal of Number Theory},
    VOLUME = {173},
      YEAR = {2017},
     PAGES = {371--377},
      ISSN = {0022-314X},
   MRCLASS = {11B37 (11B83)},
  MRNUMBER = {3581923},
MRREVIEWER = {Shichun Yang},
       DOI = {10.1016/j.jnt.2016.09.025},
       URL = {https://doi.org/10.1016/j.jnt.2016.09.025},
}


%% Salem numbers
@article {abcm,
    AUTHOR = {Abrate, Marco and Barbero, Stefano and Cerruti, Umberto and
              Murru, Nadir},
     TITLE = {Linear divisibility sequences and {S}alem numbers},
   JOURNAL = {Publ. Math. Debrecen},
  FJOURNAL = {Publicationes Mathematicae Debrecen},
    VOLUME = {91},
      YEAR = {2017},
    NUMBER = {1-2},
     PAGES = {247--259},
      ISSN = {0033-3883},
   MRCLASS = {11K16 (11B37)},
  MRNUMBER = {3690533},
MRREVIEWER = {Gerem\'{\i}as Polanco},
       DOI = {10.5486/PMD.2017.7814},
       URL = {https://doi.org/10.5486/PMD.2017.7814},
}

%% R-algebras
@article {ralgebra,
    AUTHOR = {Cerruti, Umberto and Vaccarino, Francesco},
     TITLE = {{$R$}-algebras of linear recurrent sequences},
   JOURNAL = {J. Algebra},
  FJOURNAL = {Journal of Algebra},
    VOLUME = {175},
      YEAR = {1995},
    NUMBER = {1},
     PAGES = {332--338},
      ISSN = {0021-8693},
   MRCLASS = {11B83 (13A99)},
  MRNUMBER = {1338981},
       DOI = {10.1006/jabr.1995.1189},
       URL = {https://doi.org/10.1006/jabr.1995.1189},
}

%%% Poorten- Characterization of div sequences %%%


@article {poorten,
    AUTHOR = {B\'{e}zivin, Jean-Paul and Peth\"{o}, Attila and van der Poorten,
              Alfred J.},
     TITLE = {A full characterisation of divisibility sequences},
   JOURNAL = {Amer. J. Math.},
  FJOURNAL = {American Journal of Mathematics},
    VOLUME = {112},
      YEAR = {1990},
    NUMBER = {6},
     PAGES = {985--1001},
      ISSN = {0002-9327},
   MRCLASS = {11B37},
  MRNUMBER = {1081812},
MRREVIEWER = {L. Skula},
       DOI = {10.2307/2374733},
       URL = {https://doi.org/10.2307/2374733},
}



%%% Kuroda- units in biquadratic extensions %%%

@article {kuroda,
    AUTHOR = {Kuroda, Sigekatu},
     TITLE = {\"{U}ber den {D}irichletschen {K}\"{o}rper},
   JOURNAL = {J. Fac. Sci. Imp. Univ. Tokyo Sect. I.},
    VOLUME = {4},
      YEAR = {1943},
     PAGES = {383--406},
   MRCLASS = {10.0X},
  MRNUMBER = {0021031},
MRREVIEWER = {M. Krasner},
}



%%% Hall %%%
@article {hall,
    AUTHOR = {Hall, Marshall},
     TITLE = {Divisibility {S}equences of {T}hird {O}rder},
   JOURNAL = {Amer. J. Math.},
  FJOURNAL = {American Journal of Mathematics},
    VOLUME = {58},
      YEAR = {1936},
    NUMBER = {3},
     PAGES = {577--584},
      ISSN = {0002-9327},
   MRCLASS = {DML},
  MRNUMBER = {1507182},
       DOI = {10.2307/2370976},
       URL = {https://doi.org/10.2307/2370976},
}


%Magliveras%

@article{magliveras,
  title={Primitive sets in a lattice},
  author={Magliveras, Spyros S and van Trung, Tran and Wei, Wandi},
  journal={Australasian Journal of Combinatorics},
  volume={40},
  pages={173},
  year={2008},
  publisher={CENTRE FOR COMBINATORICS}
}



%% Smyth %%
@article{smyth,
  title={The terms in Lucas sequences divisible by their indices},
  author={Smyth, Chris},
  journal={J. Integer Sequences},
  volume={13},
  number={10.2},
  pages={4},
  year={2010}
}


%% Stange-Silverman
@article{stangesilverman,
  title={Terms in elliptic divisibility sequences divisible by their indices},
  author={Silverman, Joseph H and Stange, Katherine E},
  journal={Acta Arith},
  volume={146},
  number={4},
  pages={355--378},
  year={2011},
  publisher={Citeseer}
}



%%% Shabnam recommendations %%%

@article {stewartbinaryforms,
    AUTHOR = {Stewart, C. L. and Top, J.},
     TITLE = {On ranks of twists of elliptic curves and power-free values of
              binary forms},
   JOURNAL = {J. Amer. Math. Soc.},
  FJOURNAL = {Journal of the American Mathematical Society},
    VOLUME = {8},
      YEAR = {1995},
    NUMBER = {4},
     PAGES = {943--973},
      ISSN = {0894-0347},
   MRCLASS = {11G05 (11N36)},
  MRNUMBER = {1290234},
MRREVIEWER = {Fernando Q. Gouv\^{e}a},
       DOI = {10.2307/2152834},
       URL = {https://doi.org/10.2307/2152834},
}

@incollection {stewartthue,
    AUTHOR = {Stewart, C. L.},
     TITLE = {Thue equations and elliptic curves},
 BOOKTITLE = {Number theory ({H}alifax, {NS}, 1994)},
    SERIES = {CMS Conf. Proc.},
    VOLUME = {15},
     PAGES = {375--386},
 PUBLISHER = {Amer. Math. Soc., Providence, RI},
      YEAR = {1995},
   MRCLASS = {11G05 (11D25 11N36)},
  MRNUMBER = {1353944},
MRREVIEWER = {Fernando Q. Gouv\^{e}a},
}

@article {MR662599,
    AUTHOR = {Silverman, Joseph H.},
     TITLE = {Integer points and the rank of {T}hue elliptic curves},
   JOURNAL = {Invent. Math.},
  FJOURNAL = {Inventiones Mathematicae},
    VOLUME = {66},
      YEAR = {1982},
    NUMBER = {3},
     PAGES = {395--404},
      ISSN = {0020-9910},
   MRCLASS = {10B10 (14H25)},
  MRNUMBER = {662599},
MRREVIEWER = {Andrew Bremner},
       DOI = {10.1007/BF01389220},
       URL = {https://doi.org/10.1007/BF01389220},
}


@article {MR2220098,
    AUTHOR = {Helfgott, H. A. and Venkatesh, A.},
     TITLE = {Integral points on elliptic curves and 3-torsion in class
              groups},
   JOURNAL = {J. Amer. Math. Soc.},
  FJOURNAL = {Journal of the American Mathematical Society},
    VOLUME = {19},
      YEAR = {2006},
    NUMBER = {3},
     PAGES = {527--550},
      ISSN = {0894-0347},
   MRCLASS = {11G05 (11R11 11R29 14G05)},
  MRNUMBER = {2220098},
MRREVIEWER = {\'{A}lvaro Lozano-Robledo},
       DOI = {10.1090/S0894-0347-06-00515-7},
       URL = {https://doi.org/10.1090/S0894-0347-06-00515-7},
}

@article {MR3393158,
    AUTHOR = {Akhtari, Shabnam},
     TITLE = {Integral points on a certain family of elliptic curves},
   JOURNAL = {J. Th\'{e}or. Nombres Bordeaux},
  FJOURNAL = {Journal de Th\'{e}orie des Nombres de Bordeaux},
    VOLUME = {27},
      YEAR = {2015},
    NUMBER = {2},
     PAGES = {353--373},
      ISSN = {1246-7405},
   MRCLASS = {11D25 (11J86)},
  MRNUMBER = {3393158},
MRREVIEWER = {A. Peth\H{o}},
       URL = {http://jtnb.cedram.org/item?id=JTNB_2015__27_2_353_0},
}

