@inproceedings{lasseter2002, 
author={R. H. Lasseter}, 
booktitle={Proceedings of IEEE Power Engineering Society Winter Meeting}, 
title={MicroGrids}, 
year={2002}, 
volume={1}, 
pages={305-308}, 
address={New York, USA}
}

@ARTICLE{morstyn2016, 
author={T. Morstyn and B. Hredzak and V. G. Agelidis}, 
journal={IEEE Transactions on Smart Grid}, 
title={Control Strategies for Microgrids with Distributed Energy Storage Systems: An Overview}, 
year={2018}, 
volume={9},
number={4},
pages={3652--3666}
}

@ARTICLE{molzahn2017, 
author={D. K. Molzahn and F. D\"{o}rfler and H. Sandberg and S. H. Low and S. Chakrabarti and R. Baldick and J. Lavaei}, 
journal={IEEE Transactions on Smart Grid}, 
title={A Survey of Distributed Optimization and Control Algorithms for Electric Power Systems}, 
year={2017}, 
volume={8}, 
number={6}, 
pages={2941--2962}}

@ARTICLE{larsen2014, 
author={G. K. H. Larsen and N. D. van Foreest and J. M. A. Scherpen}, 
journal={IEEE Transactions on Smart Grid}, 
title={Distributed {MPC} Applied to a Network of Households With Micro-{CHP} and Heat Storage}, 
year={2014}, 
volume={5}, 
number={4}, 
pages={2106--2114}}

@ARTICLE{hans2018, 
author={C. A. Hans and P. Braun and J. Raisch and L. Grune and C. Reincke-Collon}, 
journal={IEEE Transactions on Sustainable Energy}, 
title={Hierarchical Distributed Model Predictive Control of Interconnected Microgrids}, 
year={2019}, 
volume={10}, 
number={1}, 
pages={407--416}}

@ARTICLE{wang2015, 
author={T. Wang and D. O'Neill and H. Kamath}, 
journal={IEEE Transactions on Smart Grid}, 
title={Dynamic Control and Optimization of Distributed Energy Resources in a Microgrid}, 
year={2015}, 
volume={6}, 
number={6}, 
pages={2884--2894}}



@ARTICLE{baker2016, 
author={K. Baker and J. Guo and G. Hug and X. Li}, 
journal={IEEE Transactions on Smart Grid}, 
title={Distributed {MPC} for Efficient Coordination of Storage and Renewable Energy Sources Across Control Areas}, 
year={2016}, 
volume={7}, 
number={2}, 
pages={992--1001}}

@ARTICLE{hug2015, 
author={G. Hug and S. Kar and C. Wu}, 
journal={IEEE Transactions on Smart Grid}, 
title={Consensus $+$ Innovations Approach for Distributed Multiagent Coordination in a Microgrid}, 
year={2015}, 
volume={6}, 
number={4}, 
pages={1893--1903}}

@ARTICLE{braun2016, 
author={P. Braun and L. Gr\"{u}ne and C. M. Kellett and S. R. Weller and K. Worthmann}, 
journal={IEEE Transactions on Automatic Control}, 
title={A Distributed Optimization Algorithm for the Predictive Control of Smart Grids}, 
year={2016}, 
volume={61}, 
number={12}, 
pages={3898-3911}}

@ARTICLE{barani2018, 
author={M. Barani and J. Aghaei and M. A. Akbari and T. Niknam and H. Farahmand and M. Korp\r{a}s}, 
journal={IEEE Transactions on Smart Grid}, 
title={Optimal Partitioning of Smart Distribution Systems into Supply-Sufficient Microgrids}, 
year={2019},
volume={10},
number={3},
pages={2523-2533}}

@ARTICLE{arefifar2012, 
author={S. A. Arefifar and Y. A. R. I. Mohamed and T. H. M. El-Fouly}, 
journal={IEEE Transactions on Smart Grid}, 
title={Supply-Adequacy-Based Optimal Construction of Microgrids in Smart Distribution Systems}, 
year={2012}, 
volume={3}, 
number={3}, 
pages={1491--1502}, 
}

@article{kernighan1970,
  title={An efficient heuristic procedure for partitioning graphs},
  author={Kernighan, B. W. and Lin, S.},
  journal={The Bell System Technical Journal},
  volume={49},
  number={2},
  pages={291--307},
  year={1970},
  publisher={Alcatel-Lucent}
}

@ARTICLE{jardini2000, 
author={J. A. Jardini and C. M. V. Tahan and M. R. Gouvea and S. U. Ahn and F. M. Figueiredo}, 
journal={IEEE Transactions on Power Delivery}, 
title={Daily load profiles for residential, commercial and industrial low voltage consumers}, 
year={2000}, 
volume={15}, 
number={1}, 
pages={375-380}}

@article{ge2017,
  title={Distributed Networked Control Systems: A Brief Overview},
  author={Ge, X. and Yang, F. and Han, Q.-L.},
  journal={Information Sciences},
  volume={380},
  pages={117--131},
  year={2017},
  publisher={Elsevier}
}


@article{julian2019,
title = {Time-varying partitioning for predictive control design: Density-games approach},
journal = {Journal of Process Control},
volume = {75},
pages = {1--14},
year = {2019},
author = {J. Barreiro-Gomez and C. Ocampo-Martinez and Nicanor Quijano}
}

@article{ananduta2019,
title = {Online Partitioning Method for Decentralized Control of Linear Switching Large-Scale Systems},
journal = {Journal of the Franklin Institute},
year = {2019},
volume = {356},
number = {6},
pages = {3290-3313},
author = {W. Ananduta and T. Pippia and C. Ocampo-Martinez and J. Sijs and De Schutter, B. }
}

@article{fele2014,
title = {Coalitional model predictive control of an irrigation canal},
journal = {Journal of Process Control},
volume = {24},
number = {4},
pages = {314--325},
year = {2014},
author = {F. Fele and J. M. Maestre and S. Mehdy Hashemy and Mu\~{n}oz de la Pe\~{n}a, D. and E. F. Camacho}
}

@ARTICLE{fele2017, 
author={F. {Fele} and J. M. {Maestre} and E. F. {Camacho}}, 
journal={IEEE Control Systems Magazine}, 
title={Coalitional Control: Cooperative Game Theory and Control}, 
year={2017}, 
volume={37}, 
number={1}, 
pages={53-69}, 
}

@article{muros2017,
title = {Networked control design for coalitional schemes using game-theoretic methods},
journal = {Automatica},
volume = {78},
pages = {320--332},
year = {2017},
author = {F. J. Muros and J. M. Maestre and E. Algaba and T. Alamo and E. F. Camacho}
}

@ARTICLE{fele2018, 
author={F. {Fele} and E. {Debada} and J. M. {Maestre} and E. F. {Camacho}}, 
journal={IEEE Transactions on Automatic Control}, 
title={Coalitional Control for Self-Organizing Agents}, 
year={2018}, 
volume={63}, 
number={9}, 
pages={2883-2897}}

@inproceedings{ananduta2019a,
title = {Decentralized Energy Management of Power Networks with Distributed Generation using Periodical Self-Sufficient Repartitioning Approach},
booktitle ={Proceedings of the American Control Conference},
year = {2019},
pages = {3230-3235},
author = {W. Ananduta and C. Ocampo-Martinez}
}

@ARTICLE{margellos2014, 
author={K. Margellos and P. Goulart and J. Lygeros}, 
journal={IEEE Transactions on Automatic Control}, 
title={On the Road Between Robust Optimization and the Scenario Approach for Chance Constrained Optimization Problems}, 
year={2014}, 
volume={59}, 
number={8}, 
pages={2258--2263}}

@article{velarde2017,
title = {On the comparison of stochastic model predictive control strategies applied to a hydrogen-based microgrid},
journal = {Journal of Power Sources},
volume = {343},
pages = {161-173},
year = {2017},
author = {P. Velarde and L. Valverde and J.M. Maestre and C. Ocampo-Martinez and C. Bordons},
keywords = {Hydrogen storage, Microgrid, Model predictive control, Stochastic processes, Supply, Demand}
}

@article{boyd2011,
year = {2011},
volume = {3},
journal = {Foundations and Trends in Machine Learning},
title = {Distributed Optimization and Statistical Learning via the Alternating Direction Method of Multipliers},
doi = {10.1561/2200000016},
issn = {1935-8237},
number = {1},
pages = {1-122},
author = {S. Boyd and N. Parikh and E. Chu and B. Peleato and J. Eckstein}
}

@article{kraning2014,
 author = {Kraning, M. and Chu, E. and Lavaei, J. and Boyd, S.},
 title = {Dynamic Network Energy Management via Proximal Message Passing},
 journal = {Foundations and Trends in Optimization},
 issue_date = {January 2014},
 volume = {1},
 number = {2},
 year = {2014},
 issn = {2167-3888},
 pages = {73--126}
} 

@ARTICLE{ananduta2018, 
author={W. {Ananduta} and J. {Barreiro-Gomez} and C. {Ocampo-Martinez} and N. {Quijano}}, 
journal={IET Control Theory Applications}, 
title={Mitigation of communication failures in distributed model predictive control strategies}, 
year={2018}, 
volume={12}, 
number={18}, 
pages={2507-2515}}

@book{rawlings2009,
  title={{Model predictive control: Theory and design}},
  author={Rawlings, J. B. and Mayne, D. Q.},
  year={2009},
  publisher={Nob Hill Pub. Madison, Wisconsin}
}

@article{christofides2013,
  title={Distributed Model Predictive Control: A Tutorial Review and Future Research Directions},
  author={Christofides, P. D. and Scattolini, R. and  Mu\~{n}oz de la Pe\~{n}a, D. and Liu, J.},
  journal={Computers \& Chemical Engineering},
  volume={51},
  pages={21--41},
  year={2013},
  publisher={Elsevier}
}

@ARTICLE{garcia2015, 
author={F. {Garcia-Torres} and C. {Bordons}}, 
journal={IEEE Transactions on Industrial Electronics}, 
title={Optimal Economical Schedule of Hydrogen-Based Microgrids With Hybrid Storage Using Model Predictive Control}, 
year={2015}, 
volume={62}, 
number={8}, 
pages={5195-5207}}

@ARTICLE{garcia2016, 
author={F. {Garcia-Torres} and L. {Valverde} and C. {Bordons}}, 
journal={IEEE Transactions on Industrial Electronics}, 
title={Optimal Load Sharing of Hydrogen-Based Microgrids With Hybrid Storage Using Model-Predictive Control},
year={2016}, 
volume={63}, 
number={8}, 
pages={4919-4928}}

@article{ocampo2011,
author={Ocampo-Martinez, C. and Bovo, S. and Puig, V.},
title = {Partitioning Approach Oriented to the Decentralised Predictive Control of  Large-Scale Systems},
journal = {Journal of Process Control},
pages = {775--786},
volume = {21},
number = {5},
year = {2011},
publisher={Elsevier},
doi = {10.1016/j.jprocont.2010.12.005},
}

@article{ananduta2019b,
author = {Ananduta, Wicak and Maestre, J. M. and Ocampo-Martinez, C. and Ishii, H.},
title = {Resilient distributed model predictive control for energy management of interconnected microgrids},
journal = {Optimal Control Applications and Methods},
volume = {41},
number = {1},
pages = {146-169},
year={2020}
}

@ARTICLE{guo2016,
author={F. {Guo} and C. {Wen} and J. {Mao} and Y. {Song}},
journal={IEEE Transactions on Smart Grid},
title={Distributed Economic Dispatch for Smart Grids With Random Wind Power},
year={2016},
volume={7},
number={3},
pages={1572-1583}}

@ARTICLE{rinaldi2017,
author={G. {Rinaldi} and M. {Cucuzzella} and A. {Ferrara}},
journal={IEEE Control Systems Letters},
title={Third Order Sliding Mode Observer-Based Approach for Distributed Optimal Load Frequency Control},
year={2017},
volume={1},
number={2},
pages={215-220}}

@inbook{schwaegerl2013,
author = {Schwaegerl, C. and Tao, L.},
publisher = {John Wiley \& Sons, Ltd},
title = {The Microgrids Concept},
booktitle = {Microgrids},
chapter = {1},
pages = {1-24},
doi = {10.1002/9781118720677.ch01},
year = {2013},
}

@ARTICLE{zhu2014,
author={D. {Zhu} and G. {Hug}},
journal={IEEE Transactions on Smart Grid},
title={Decomposed Stochastic Model Predictive Control for Optimal Dispatch of Storage and Generation},
year={2014},
volume={5},
number={4},
pages={2044-2053}
}

@ARTICLE{parisio2017,
author={A. {Parisio} and C. {Wiezorek} and T. {Kyntäjä} and J. {Elo} and K. {Strunz} and K. H. {Johansson}},
journal={IEEE Transactions on Smart Grid},
title={Cooperative {MPC}-Based Energy Management for Networked Microgrids},
year={2017},
volume={8},
number={6},
pages={3066-3074}
}

@article{nayeripour2016,
  	title={Coordinated online voltage management of distributed generation using network partitioning},
  	author={Nayeripour, M. and Fallahzadeh-Abarghouei, H. and Waffenschmidt, E. and Hasanvand, S.},
  	journal={Electric Power Systems Research},
  	volume={141},
 	pages={202--209},
  	year={2016},
	publisher={Elsevier}
}

@article{karypis1998,
  title={A fast and high quality multilevel scheme for partitioning irregular graphs},
  author={Karypis, George and Kumar, Vipin},
  journal={SIAM Journal on Scientific Computing},
  volume={20},
  number={1},
  pages={359--392},
  year={1998},
  publisher={SIAM}
}

@article{gilbert1987,
title={A Parallel Graph Partitioning Algorithm for a Message-Passing Multiprocessor},
author={J. R. Gilbert and E. Zmijewski},
journal={International Journal of Parallel Programming},
volume={16},
number={6},
pages={427-449},
year={1987}
}


@article{julian2017,
	title={Partitioning for Large-Scale Systems: A Sequential Distributed {MPC} Design},
	author = {Barreiro-Gomez, J. and Ocampo-Martinez, C. and Quijano, N.},
	journal ={IFAC-PapersOnLine},
	volume = {50},
	number = {1},
	year = {2017},
	pages={8838--8843}
}

@article{gupta1997,
	title={Fast and Effective Algorithms for Graph Partitioning and Sparse-Matrix Ordering},
	author={Gupta, A.},
	journal={IBM Journal of Research and Development},
	volume={41},
	number={1--2},
	pages={171--183},
	year={1997},
	commentmonth = {Jan},
	publisher={IBM}
}

@article{fjallstrom1998,
	title = {Algorithms for Graph Partitioning: A Survey},
	author = {Fj{\"a}llstr{\"o}m, P.-O.},
	journal = {Link{\"o}ping Electronic Articles in Computer and Information Science},
	volume = {3},
	number = {10},
	year = {1998},
	commentmonth = {Sep},
	publisher = {Link{\"o}ping University Electronic Press},
	issn = {1401-9841}
}

@article{ananduta2020,
author = {Ananduta, Wicak and Ocampo-Martinez, C.},
title = {Event-triggered Partitioning for Non-centralized Predictive-Control-based Economic Dispatch of Interconnected Microgrids: Technical Report},
year = {2020},
note = {Available at arxiv}
}