%% This BibTeX bibliography file was created using BibDesk.
%% http://bibdesk.sourceforge.net/


%% Created for Marc Hoyois at 2019-07-23 14:26:53 -0400 


%% Saved with string encoding Unicode (UTF-8)
@article{tabuada-vdb,
    AUTHOR = {Tabuada, Gon\c{c}alo and Van den Bergh, Michel},
     TITLE = {The {G}ysin triangle via localization and {$A^1$}-homotopy
              invariance},
   JOURNAL = {Trans. Amer. Math. Soc.},
  FJOURNAL = {Transactions of the American Mathematical Society},
    VOLUME = {370},
      YEAR = {2018},
    NUMBER = {1},
     PAGES = {421--446},
      ISSN = {0002-9947},
   MRCLASS = {14F42 (14A22 14C15 18D20 19D55)},
  MRNUMBER = {3717985},
MRREVIEWER = {Daniel C. Isaksen},
       DOI = {10.1090/tran/6956},
       URL = {https://doi.org/10.1090/tran/6956},
}

@article{anderson-k,
    AUTHOR = {Anderson, D. W.},
     TITLE = {Relationship among {$K$}-theories},
 BOOKTITLE = {Algebraic {K}-theory, {I}: {H}igher {K}-theories ({P}roc.
              {C}onf., {B}attelle {M}emorial {I}nst., {S}eattle, {W}ash.,
              1972)},
     PAGES = {57--72. Lecture Notes in Math. Vol. 341},
      YEAR = {1973},
   MRCLASS = {18F25},
  MRNUMBER = {0349809},
MRREVIEWER = {John B. Wagoner},
}

@article{gersten-h,
    AUTHOR = {Gersten, S. M.},
     TITLE = {Homotopy theory of rings},
   JOURNAL = {J. Algebra},
  FJOURNAL = {Journal of Algebra},
    VOLUME = {19},
      YEAR = {1971},
     PAGES = {396--415},
      ISSN = {0021-8693},
   MRCLASS = {18H15},
  MRNUMBER = {291253},
MRREVIEWER = {J.-P. Jouanolou},
       DOI = {10.1016/0021-8693(71)90098-6},
       URL = {https://doi.org/10.1016/0021-8693(71)90098-6},
}


@article{lin,
    AUTHOR = {Lin, Wen Hsiung},
     TITLE = {On conjectures of {M}ahowald, {S}egal and {S}ullivan},
   JOURNAL = {Math. Proc. Cambridge Philos. Soc.},
  FJOURNAL = {Mathematical Proceedings of the Cambridge Philosophical
              Society},
    VOLUME = {87},
      YEAR = {1980},
    NUMBER = {3},
     PAGES = {449--458},
      ISSN = {0305-0041},
   MRCLASS = {55Q10},
  MRNUMBER = {556925},
MRREVIEWER = {Donald M. Davis},
       DOI = {10.1017/S0305004100056887},
       URL = {https://doi.org/10.1017/S0305004100056887},
}


@article{bhm,
    AUTHOR = {B\"{o}kstedt, M. and Hsiang, W. C. and Madsen, I.},
     TITLE = {The cyclotomic trace and algebraic {$K$}-theory of spaces},
   JOURNAL = {Invent. Math.},
  FJOURNAL = {Inventiones Mathematicae},
    VOLUME = {111},
      YEAR = {1993},
    NUMBER = {3},
     PAGES = {465--539},
      ISSN = {0020-9910},
   MRCLASS = {55P42 (19D55 19L99 55P60)},
  MRNUMBER = {1202133},
MRREVIEWER = {Roland Schw\"{a}nzl},
       DOI = {10.1007/BF01231296},
       URL = {https://doi.org/10.1007/BF01231296},
}

@article{speirs-poly,
    AUTHOR = {Speirs, Martin},
     TITLE = {On the {$K$}-theory of truncated polynomial algebras,
              revisited},
   JOURNAL = {Adv. Math.},
  FJOURNAL = {Advances in Mathematics},
    VOLUME = {366},
      YEAR = {2020},
     PAGES = {107083, 18},
      ISSN = {0001-8708},
   MRCLASS = {19D10 (18F25 55N15)},
  MRNUMBER = {4070307},
       DOI = {10.1016/j.aim.2020.107083},
       URL = {https://doi.org/10.1016/j.aim.2020.107083},
}

@article{hm-poly,
    AUTHOR = {Hesselholt, Lars and Madsen, Ib},
     TITLE = {Cyclic polytopes and the {$K$}-theory of truncated polynomial
              algebras},
   JOURNAL = {Invent. Math.},
  FJOURNAL = {Inventiones Mathematicae},
    VOLUME = {130},
      YEAR = {1997},
    NUMBER = {1},
     PAGES = {73--97},
      ISSN = {0020-9910},
   MRCLASS = {19D55 (19D50 55N15)},
  MRNUMBER = {1471886},
MRREVIEWER = {Jerry Lodder},
       DOI = {10.1007/s002220050178},
       URL = {https://doi.org/10.1007/s002220050178},
}

@article{illusie-drw,
    AUTHOR = {Illusie, Luc},
     TITLE = {Complexe de de {R}ham-{W}itt et cohomologie cristalline},
   JOURNAL = {Ann. Sci. \'{E}cole Norm. Sup. (4)},
  FJOURNAL = {Annales Scientifiques de l'\'{E}cole Normale Sup\'{e}rieure. Quatri\`eme
              S\'{e}rie},
    VOLUME = {12},
      YEAR = {1979},
    NUMBER = {4},
     PAGES = {501--661},
      ISSN = {0012-9593},
   MRCLASS = {14F30},
  MRNUMBER = {565469},
MRREVIEWER = {William E. Lang},
       URL = {http://www.numdam.org/item?id=ASENS_1979_4_12_4_501_0},
}

@article{sv-chow,
    AUTHOR = {Suslin, Andrei and Voevodsky, Vladimir},
     TITLE = {Relative cycles and {C}how sheaves},
 BOOKTITLE = {Cycles, transfers, and motivic homology theories},
    SERIES = {Ann. of Math. Stud.},
    VOLUME = {143},
     PAGES = {10--86},
 PUBLISHER = {Princeton Univ. Press, Princeton, NJ},
      YEAR = {2000},
   MRCLASS = {14C25},
  MRNUMBER = {1764199},
}

@book{dgm,
    AUTHOR = {Dundas, Bj\o rn Ian and Goodwillie, Thomas G. and McCarthy,
              Randy},
     TITLE = {The local structure of algebraic {K}-theory},
    SERIES = {Algebra and Applications},
    VOLUME = {18},
 PUBLISHER = {Springer-Verlag London, Ltd., London},
      YEAR = {2013},
     PAGES = {xvi+435},
      ISBN = {978-1-4471-4392-5; 978-1-4471-4393-2},
   MRCLASS = {19-02 (16E40 19D55 55-02 55N99)},
  MRNUMBER = {3013261},
MRREVIEWER = {Charles Weibel},
}

@article{gh-negative,
    AUTHOR = {Geisser, Thomas and Hesselholt, Lars},
     TITLE = {On the vanishing of negative {$K$}-groups},
   JOURNAL = {Math. Ann.},
  FJOURNAL = {Mathematische Annalen},
    VOLUME = {348},
      YEAR = {2010},
    NUMBER = {3},
     PAGES = {707--736},
      ISSN = {0025-5831},
   MRCLASS = {19D35 (14C35 19D55)},
  MRNUMBER = {2677901},
MRREVIEWER = {Claudio Pedrini},
       DOI = {10.1007/s00208-010-0500-z},
       URL = {https://doi.org/10.1007/s00208-010-0500-z},
}

@unpublished{bhatt-clausen-mathew,
Author = {Bhargav Bhatt and Dustin Clausen and Akhil Mathew},
Title = {Remarks on $K(1)$-local $K$-theory},
Year = {2020},
Eprint = {arXiv:2001.11622},
}



@unpublished{land-meier-tamme,
Author = {Markus Land and Lennart Meier and Georg Tamme},
Title = {Vanishing results for chromatic localizations of algebraic $K$-theory},
Year = {2020},
Eprint = {arXiv:2001.10425},
}

@article{goodwillie-loopspace,
    AUTHOR = {Goodwillie, Thomas G.},
     TITLE = {Cyclic homology, derivations, and the free loopspace},
   JOURNAL = {Topology},
  FJOURNAL = {Topology. An International Journal of Mathematics},
    VOLUME = {24},
      YEAR = {1985},
    NUMBER = {2},
     PAGES = {187--215},
      ISSN = {0040-9383},
   MRCLASS = {18F25 (18G15 19D55 55P35)},
  MRNUMBER = {793184},
MRREVIEWER = {Ross Staffeldt},
       DOI = {10.1016/0040-9383(85)90055-2},
       URL = {https://doi.org/10.1016/0040-9383(85)90055-2},
}

@article{nikolaus-scholze,
    AUTHOR = {Nikolaus, Thomas and Scholze, Peter},
     TITLE = {On topological cyclic homology},
   JOURNAL = {Acta Math.},
  FJOURNAL = {Acta Mathematica},
    VOLUME = {221},
      YEAR = {2018},
    NUMBER = {2},
     PAGES = {203--409},
      ISSN = {0001-5962},
   MRCLASS = {55U35 (16E40 18E30 19D99)},
  MRNUMBER = {3904731},
MRREVIEWER = {Geoffrey M. L. Powell},
       DOI = {10.4310/ACTA.2018.v221.n2.a1},
       URL = {https://doi.org/10.4310/ACTA.2018.v221.n2.a1},
}

@unpublished{bhatt-lecture,
Author = {Bhargav Bhatt},
Title = {Lecture 3},
URL = {http://www-personal.umich.edu/~bhattb/teaching/prismatic-columbia/lecture3-prisms.pdf}
}

@book{tamagawa,
    AUTHOR = {Gaitsgory, Dennis and Lurie, Jacob},
     TITLE = {Weil's conjecture for function fields. {V}ol. 1},
    SERIES = {Annals of Mathematics Studies},
    VOLUME = {199},
 PUBLISHER = {Princeton University Press, Princeton, NJ},
      YEAR = {2019},
     PAGES = {viii+311},
      ISBN = {978-0-691-18214-8; 978-0-691-18213-1},
   MRCLASS = {14F30 (11R58 14H60 14L15)},
  MRNUMBER = {3887650},
MRREVIEWER = {Jon Eivind Vatne},
}

@article{vezzosi-note,
Author = {Gabriele Vezzosi},
Title = {A note on the cotangent complex in derived algebraic geometry},
Year = {2010},
Eprint = {arXiv:1008.0601},
}

@article{porta-sala,
Author = {Mauro Porta and Francesco Sala},
Title = {Two-dimensional categorified Hall algebras},
Year = {2019},
Eprint = {arXiv:1903.07253},
}

@article{adeel-virtual,
Author = {Adeel A. Khan},
Title = {Virtual fundamental classes of derived stacks I},
Year = {2019},
Eprint = {arXiv:1909.01332},
}

@article{antieau-krashen-ward,
    AUTHOR = {Antieau, Benjamin and Krashen, Daniel and Ward, Matthew},
     TITLE = {Derived categories of torsors for abelian schemes},
   JOURNAL = {Adv. Math.},
  FJOURNAL = {Advances in Mathematics},
    VOLUME = {306},
      YEAR = {2017},
     PAGES = {1--23},
      ISSN = {0001-8708},
   MRCLASS = {14F05 (14D20 14F22 18E30)},
  MRNUMBER = {3581296},
MRREVIEWER = {Shintarou Yanagida},
       DOI = {10.1016/j.aim.2016.09.037},
       URL = {https://doi.org/10.1016/j.aim.2016.09.037},
}

@unpublished{clausen-mathew,
	Author = {Dustin Clausen and Akhil Mathew},
	Eprint = {arXiv:1905.06611},
	Title = {Hyperdescent and {\'e}tale K-theory},
	Year = {2019}}

@unpublished{macpherson,
Author = {Andrew W. Macpherson},
Title = {A bivariant Yoneda lemma and $(\infty,2)$-categories of correspondences},
Year = {2020},
Eprint = {arXiv:2005.10496},
}

@unpublished{morrow-aws,
Author = {Matthew Morrow},
Title = {AWS lecture notes},
URL = {http://swc.math.arizona.edu/aws/2019/2019MorrowNotes.pdf}
}

@unpublished{bhatt-ddrp,
Author = {Bhargav Bhatt},
Title = {p-adic derived de Rham cohomology},
Year = {2012},
Eprint = {arXiv:1204.6560},
}
@unpublished{bhatt-ddr,
Author = {Bhargav Bhatt},
Title = {Completions and derived de Rham cohomology},
Year = {2012},
Eprint = {arXiv:1207.6193},
}

@article{bhatt-algebraization,
    AUTHOR = {Bhatt, Bhargav},
     TITLE = {Algebraization and {T}annaka duality},
   JOURNAL = {Camb. J. Math.},
  FJOURNAL = {Cambridge Journal of Mathematics},
    VOLUME = {4},
      YEAR = {2016},
    NUMBER = {4},
     PAGES = {403--461},
      ISSN = {2168-0930},
   MRCLASS = {14F05 (14A20 18A30)},
  MRNUMBER = {3572635},
MRREVIEWER = {Hsian-Hua Tseng},
       DOI = {10.4310/CJM.2016.v4.n4.a1},
       URL = {https://doi.org/10.4310/CJM.2016.v4.n4.a1},
}

@incollection{toen-ems,
    AUTHOR = {To\"{e}n, Bertrand},
     TITLE = {Derived algebraic geometry},
   JOURNAL = {EMS Surv. Math. Sci.},
  FJOURNAL = {EMS Surveys in Mathematical Sciences},
    VOLUME = {1},
      YEAR = {2014},
    NUMBER = {2},
     PAGES = {153--240},
      ISSN = {2308-2151},
   MRCLASS = {14A20 (14D15 18G55)},
  MRNUMBER = {3285853},
MRREVIEWER = {Julia Bergner},
       DOI = {10.4171/EMSS/4},
       URL = {https://doi.org/10.4171/EMSS/4},
}
 
@article{PTVV,
    AUTHOR = {Pantev, Tony and To\"{e}n, Bertrand and Vaqui\'{e}, Michel and
              Vezzosi, Gabriele},
     TITLE = {Shifted symplectic structures},
   JOURNAL = {Publ. Math. Inst. Hautes \'{E}tudes Sci.},
  FJOURNAL = {Publications Math\'{e}matiques. Institut de Hautes \'{E}tudes
              Scientifiques},
    VOLUME = {117},
      YEAR = {2013},
     PAGES = {271--328},
      ISSN = {0073-8301},
   MRCLASS = {14F05 (14A15 18F20 18G30 53D05 53D12)},
  MRNUMBER = {3090262},
MRREVIEWER = {Andrey Yu. Lazarev},
       DOI = {10.1007/s10240-013-0054-1},
       URL = {https://doi.org/10.1007/s10240-013-0054-1},
}

@article{belmans-okawa-ricolfi,
Author = {Pieter Belmans and Shinnosuke Okawa and Andrea T. Ricolfi},
Title = {Moduli spaces of semiorthogonal decompositions in families},
Year = {2020},
Eprint = {arXiv:2002.03303},
}

@article{antieau-e,
Author = {Benjamin Antieau and Elden Elmanto},
Title = {Descent for semiorthogonal decompositions},
Year = {2019},
Eprint = {arXiv:1912.08970},
}

@article{dhl-preygel,
Author = {Daniel Halpern-Leistner and Anatoly Preygel},
Title = {Mapping stacks and categorical notions of properness},
Year = {2014},
Eprint = {arXiv:1402.3204},
}


@article{hinich,
    AUTHOR = {Hinich, Vladimir},
     TITLE = {D{G} coalgebras as formal stacks},
   JOURNAL = {J. Pure Appl. Algebra},
  FJOURNAL = {Journal of Pure and Applied Algebra},
    VOLUME = {162},
      YEAR = {2001},
    NUMBER = {2-3},
     PAGES = {209--250},
      ISSN = {0022-4049},
   MRCLASS = {14B12 (16W30 18G55 55P62)},
  MRNUMBER = {1843805},
MRREVIEWER = {Paul G. Goerss},
       DOI = {10.1016/S0022-4049(00)00121-3},
       URL = {https://doi.org/10.1016/S0022-4049(00)00121-3},
}

@article{cf-kap1,
    AUTHOR = {Ciocan-Fontanine, Ionu\c{t} and Kapranov, Mikhail M.},
     TITLE = {Derived {H}ilbert schemes},
   JOURNAL = {J. Amer. Math. Soc.},
  FJOURNAL = {Journal of the American Mathematical Society},
    VOLUME = {15},
      YEAR = {2002},
    NUMBER = {4},
     PAGES = {787--815},
      ISSN = {0894-0347},
   MRCLASS = {14C05 (14H10 18E30)},
  MRNUMBER = {1915819},
MRREVIEWER = {Jean-Marc Drezet},
       DOI = {10.1090/S0894-0347-02-00399-5},
       URL = {https://doi.org/10.1090/S0894-0347-02-00399-5},
}


@article{cf-kap2,
    AUTHOR = {Ciocan-Fontanine, Ionu\c{t} and Kapranov, Mikhail},
     TITLE = {Derived {Q}uot schemes},
   JOURNAL = {Ann. Sci. \'{E}cole Norm. Sup. (4)},
  FJOURNAL = {Annales Scientifiques de l'\'{E}cole Normale Sup\'{e}rieure. Quatri\`eme
              S\'{e}rie},
    VOLUME = {34},
      YEAR = {2001},
    NUMBER = {3},
     PAGES = {403--440},
      ISSN = {0012-9593},
   MRCLASS = {14A22 (14D20 18E30)},
  MRNUMBER = {1839580},
MRREVIEWER = {Jean-Marc Drezet},
       DOI = {10.1016/S0012-9593(01)01064-3},
       URL = {https://doi.org/10.1016/S0012-9593(01)01064-3},
}

@toen-anel{toen-anel,
    AUTHOR = {Anel, Mathieu and To\"{e}n, Bertrand},
     TITLE = {D\'{e}nombrabilit\'{e} des classes d'\'{e}quivalences d\'{e}riv\'{e}es de vari\'{e}t\'{e}s
              alg\'{e}briques},
   JOURNAL = {J. Algebraic Geom.},
  FJOURNAL = {Journal of Algebraic Geometry},
    VOLUME = {18},
      YEAR = {2009},
    NUMBER = {2},
     PAGES = {257--277},
      ISSN = {1056-3911},
   MRCLASS = {14F05 (14A20 14D20 18E30)},
  MRNUMBER = {2475815},
MRREVIEWER = {David A. Blanc},
       DOI = {10.1090/S1056-3911-08-00487-6},
       URL = {https://doi.org/10.1090/S1056-3911-08-00487-6},
}

@inproceedings{toen-survey,
    AUTHOR = {Toen, Bertrand},
     TITLE = {Derived algebraic geometry and deformation quantization},
 BOOKTITLE = {Proceedings of the {I}nternational {C}ongress of
              {M}athematicians---{S}eoul 2014. {V}ol. {II}},
     PAGES = {769--792},
 PUBLISHER = {Kyung Moon Sa, Seoul},
      YEAR = {2014},
   MRCLASS = {14A20 (14F05 16E35 53D55)},
  MRNUMBER = {3728637},
MRREVIEWER = {Stefan Schr\"{o}er},
}
@article{thomason,
    AUTHOR = {Thomason, R. W. and Trobaugh, Thomas},
     TITLE = {Higher algebraic {$K$}-theory of schemes and of derived
              categories},
 BOOKTITLE = {The {G}rothendieck {F}estschrift, {V}ol. {III}},
    SERIES = {Progr. Math.},
    VOLUME = {88},
     PAGES = {247--435},
 PUBLISHER = {Birkh\"{a}user Boston, Boston, MA},
      YEAR = {1990},
   MRCLASS = {19E08 (14C35 19D10)},
  MRNUMBER = {1106918},
MRREVIEWER = {Charles Weibel},
       DOI = {10.1007/978-0-8176-4576-2_10},
       URL = {https://doi.org/10.1007/978-0-8176-4576-2_10},
}

@article{bvdb,
    AUTHOR = {Bondal, A. and van den Bergh, M.},
     TITLE = {Generators and representability of functors in commutative and
              noncommutative geometry},
   JOURNAL = {Mosc. Math. J.},
  FJOURNAL = {Moscow Mathematical Journal},
    VOLUME = {3},
      YEAR = {2003},
    NUMBER = {1},
     PAGES = {1--36, 258},
      ISSN = {1609-3321},
   MRCLASS = {18E30 (14F05)},
  MRNUMBER = {1996800},
MRREVIEWER = {Ioannis Emmanouil},
       DOI = {10.17323/1609-4514-2003-3-1-1-36},
       URL = {https://doi.org/10.17323/1609-4514-2003-3-1-1-36},
}


@article{ek,
    AUTHOR = {Elmanto, Elden and Kolderup, H\aa kon},
     TITLE = {On modules over motivic ring spectra},
   JOURNAL = {Ann. K-Theory},
  FJOURNAL = {Annals of K-Theory},
    VOLUME = {5},
      YEAR = {2020},
    NUMBER = {2},
     PAGES = {327--355},
      ISSN = {2379-1683},
   MRCLASS = {14F40 (14F42 19E15 55P42 55P43 55U35)},
  MRNUMBER = {4113773},
       DOI = {10.2140/akt.2020.5.327},
       URL = {https://doi.org/10.2140/akt.2020.5.327},
}
@article {MNN,
    AUTHOR = {Mathew, Akhil and Naumann, Niko and Noel, Justin},
     TITLE = {Nilpotence and descent in equivariant stable homotopy theory},
   JOURNAL = {Adv. Math.},
  FJOURNAL = {Advances in Mathematics},
    VOLUME = {305},
      YEAR = {2017},
     PAGES = {994--1084},
      ISSN = {0001-8708},
   MRCLASS = {55P91 (55P42)},
  MRNUMBER = {3570153},
MRREVIEWER = {Gregory Z. Arone},
       DOI = {10.1016/j.aim.2016.09.027},
       URL = {https://doi.org/10.1016/j.aim.2016.09.027},
}
@article{ober-elm,
AUTHOR = {Elden Elmanto},
TITLE = {Topological periodic cyclic homology of $\bF_p$-algebras}
}


@article{hasse-weil,
   AUTHOR = {Hesselholt, Lars},
     TITLE = {Topological {H}ochschild homology and the {H}asse-{W}eil zeta
              function},
 BOOKTITLE = {An alpine bouquet of algebraic topology},
    SERIES = {Contemp. Math.},
    VOLUME = {708},
     PAGES = {157--180},
 PUBLISHER = {Amer. Math. Soc., Providence, RI},
      YEAR = {2018},
   MRCLASS = {11S40 (14F30 19D55)},
  MRNUMBER = {3807755},
MRREVIEWER = {Cid Reyes-Bustos},
       DOI = {10.1090/conm/708/14264},
       URL = {https://doi.org/10.1090/conm/708/14264},
}


@article{geller-weibel,
    AUTHOR = {Geller, S. and Weibel, C.},
     TITLE = {Hochschild and cyclic homology are far from being homotopy
              functors},
   JOURNAL = {Proc. Amer. Math. Soc.},
  FJOURNAL = {Proceedings of the American Mathematical Society},
    VOLUME = {106},
      YEAR = {1989},
    NUMBER = {1},
     PAGES = {49--57},
      ISSN = {0002-9939},
   MRCLASS = {18G30 (16A62 18F25 19D55)},
  MRNUMBER = {965242},
MRREVIEWER = {Zbigniew Marciniak},
       DOI = {10.2307/2047373},
       URL = {https://doi.org/10.2307/2047373},
}

@article{kassel,
    AUTHOR = {Kassel, Christian},
     TITLE = {Cyclic homology, comodules, and mixed complexes},
   JOURNAL = {J. Algebra},
  FJOURNAL = {Journal of Algebra},
    VOLUME = {107},
      YEAR = {1987},
    NUMBER = {1},
     PAGES = {195--216},
      ISSN = {0021-8693},
   MRCLASS = {18G35 (19D55 55U25)},
  MRNUMBER = {883882},
MRREVIEWER = {Sue Geller},
       DOI = {10.1016/0021-8693(87)90086-X},
       URL = {https://doi.org/10.1016/0021-8693(87)90086-X},
}

@article{vezzani,
   AUTHOR = {Vezzani, Alberto},
     TITLE = {A motivic version of the theorem of {F}ontaine and
              {W}intenberger},
   JOURNAL = {Compos. Math.},
  FJOURNAL = {Compositio Mathematica},
    VOLUME = {155},
      YEAR = {2019},
    NUMBER = {1},
     PAGES = {38--88},
      ISSN = {0010-437X},
   MRCLASS = {14F42 (14G22)},
  MRNUMBER = {3880025},
       DOI = {10.1112/s0010437x18007595},
       URL = {https://doi.org/10.1112/s0010437x18007595},
}


@article{ces-scholze,
Author = {Kestutis Cesnavicius and Peter Scholze},
Title = {Purity for flat cohomology},
Year = {2019},
Eprint = {arXiv:1912.10932},
}

@article{reid-cex,
    AUTHOR = {Reid, Les},
     TITLE = {{$N$}-dimensional rings with an isolated singular point having
              nonzero {$K_{-N}$}},
   JOURNAL = {$K$-Theory},
  FJOURNAL = {$K$-Theory. An Interdisciplinary Journal for the Development,
              Application, and Influence of $K$-Theory in the Mathematical
              Sciences},
    VOLUME = {1},
      YEAR = {1987},
    NUMBER = {2},
     PAGES = {197--205},
      ISSN = {0920-3036},
   MRCLASS = {13D15 (14B05 18F25 19D35 19E08)},
  MRNUMBER = {899922},
MRREVIEWER = {Barry H. Dayton},
       DOI = {10.1007/BF00533419},
       URL = {https://doi.org/10.1007/BF00533419},
}

@article{antieau-nikolaus,
AUTHOR = {Antieau, Benjamin and Nikolaus, Thomas},
TITLE = {Cartier modules and cyclotomic spectra},
NOTE = {To appear in J. Amer. Math. Soc.}
}

@incollection{lebras,
AUTHOR = {Le Bras, Arthur-C\'esar},
TITLE = {BMS filtrations on THH and its variants},
INCOLLECTION = {Oberwolfach Arbeitsgemeinschaft: Topological Cyclic Homology}
}

@incolletion{elm,
AUTHOR = {Elden Elmanto},
TITLE = {Topological periodic cyclic homology of $\bF_p$-algebras},
booktitle = {Oberwolfach Arbeitsgemeinschaft: Topological Cyclic Homology}
}

%@incolletion{elm,
%AUTHOR = {Arthur-C\'esar Le Bras},
%TITLE = {BMS filtrations on THH a},
%booktitle = {Oberwolfach Arbeitsgemeinschaft: Topological Cyclic Homology}
%}

@article{kunz,
    AUTHOR = {Kunz, Ernst},
     TITLE = {Characterizations of regular local rings of characteristic
              {$p$}},
   JOURNAL = {Amer. J. Math.},
  FJOURNAL = {American Journal of Mathematics},
    VOLUME = {91},
      YEAR = {1969},
     PAGES = {772--784},
      ISSN = {0002-9327},
   MRCLASS = {13.95},
  MRNUMBER = {252389},
MRREVIEWER = {M. Nagata},
       DOI = {10.2307/2373351},
       URL = {https://doi.org/10.2307/2373351},
}

@article{weibel-nk,
   AUTHOR = {Weibel, C. A.},
     TITLE = {Mayer-{V}ietoris sequences and module structures on
              {$NK\sb\ast $}},
 BOOKTITLE = {Algebraic {$K$}-theory, {E}vanston 1980 ({P}roc. {C}onf.,
              {N}orthwestern {U}niv., {E}vanston, {I}ll., 1980)},
    SERIES = {Lecture Notes in Math.},
    VOLUME = {854},
     PAGES = {466--493},
 PUBLISHER = {Springer, Berlin},
      YEAR = {1981},
   MRCLASS = {18F25 (13D15 13K05)},
  MRNUMBER = {618317},
       DOI = {10.1007/BFb0089534},
       URL = {https://doi.org/10.1007/BFb0089534},
}

@article{prismatic,
Author = {Bhargav Bhatt and Peter Scholze},
Title = {Prisms and Prismatic Cohomology},
Year = {2019},
Eprint = {arXiv:1905.08229},
}

@article{CMM,
Author = {Dustin Clausen and Akhil Mathew and Matthew Morrow},
Title = {K-theory and topological cyclic homology of henselian pairs},
Year = {2018},
Eprint = {arXiv:1803.10897},
}


@article{AMMN,
Author = {Benjamin Antieau and Akhil Mathew and Matthew Morrow and Thomas Nikolaus},
Title = {On the Beilinson fiber square},
Year = {2020},
Eprint = {arXiv:2003.12541},
}

@article{BMS2,
 AUTHOR = {Bhatt, Bhargav and Morrow, Matthew and Scholze, Peter},
     TITLE = {Topological {H}ochschild homology and integral {$p$}-adic
              {H}odge theory},
   JOURNAL = {Publ. Math. Inst. Hautes \'{E}tudes Sci.},
  FJOURNAL = {Publications Math\'{e}matiques. Institut de Hautes \'{E}tudes
              Scientifiques},
    VOLUME = {129},
      YEAR = {2019},
     PAGES = {199--310},
      ISSN = {0073-8301},
   MRCLASS = {14F30 (13A35)},
  MRNUMBER = {3949030},
       DOI = {10.1007/s10240-019-00106-9},
       URL = {https://doi.org/10.1007/s10240-019-00106-9},
}


@article{LT,
   TITLE = {On the {$K$}-theory of pullbacks},
   JOURNAL = {Ann. of Math. (2)},
  FJOURNAL = {Annals of Mathematics. Second Series},
    VOLUME = {190},
      YEAR = {2019},
    NUMBER = {3},
     PAGES = {877--930},
      ISSN = {0003-486X},
   MRCLASS = {19D55 (19D50 19E08)},
  MRNUMBER = {4024564},
MRREVIEWER = {Guillermo Corti\~{n}as},
       DOI = {10.4007/annals.2019.190.3.4},
       URL = {https://doi.org/10.4007/annals.2019.190.3.4},
}

@article{voevodsky-cdh,
    AUTHOR = {Voevodsky, Vladimir},
     TITLE = {Unstable motivic homotopy categories in {N}isnevich and
              cdh-topologies},
   JOURNAL = {J. Pure Appl. Algebra},
  FJOURNAL = {Journal of Pure and Applied Algebra},
    VOLUME = {214},
      YEAR = {2010},
    NUMBER = {8},
     PAGES = {1399--1406},
      ISSN = {0022-4049},
   MRCLASS = {14F42},
  MRNUMBER = {2593671},
MRREVIEWER = {Daniel C. Isaksen},
       DOI = {10.1016/j.jpaa.2009.11.005},
       URL = {https://doi.org/10.1016/j.jpaa.2009.11.005},
}

@article{agh,
    author={Antieau, Benjamin and Gepner David and Heller, Jeremiah},
    title={On the theorem of the heart in negative $K$-theory},
    journal = {Invent. Math.}
    date={2018},
    eprint={https://arxiv.org/abs/1610.07207},
    review={\MR{3190610}},
   doi={10.2140/gt.2014.18.1149},
   }

@article{vorst-gh,
   AUTHOR = {Geisser, Thomas and Hesselholt, Lars},
     TITLE = {On a conjecture of {V}orst},
   JOURNAL = {Math. Z.},
  FJOURNAL = {Mathematische Zeitschrift},
    VOLUME = {270},
      YEAR = {2012},
    NUMBER = {1-2},
     PAGES = {445--452},
      ISSN = {0025-5874},
   MRCLASS = {19D35 (19D55)},
  MRNUMBER = {2875843},
MRREVIEWER = {Guillermo Corti\~{n}as},
       DOI = {10.1007/s00209-010-0806-2},
       URL = {https://doi.org/10.1007/s00209-010-0806-2},
}

@article{vorst-kst,
Author = {Kerz, Moritz and Strunk, Florian and Tamme, Georg},
Title = {Towards Vorst's conjecture in positive characteristic},
Year = {2018},
Eprint = {arXiv:1812.05342},
}

@article{vorst-chw,
   AUTHOR = {Corti\~{n}as, G. and Haesemeyer, C. and Weibel, C.},
     TITLE = {{$K$}-regularity, {$cdh$}-fibrant {H}ochschild homology, and a
              conjecture of {V}orst},
   JOURNAL = {J. Amer. Math. Soc.},
  FJOURNAL = {Journal of the American Mathematical Society},
    VOLUME = {21},
      YEAR = {2008},
    NUMBER = {2},
     PAGES = {547--561},
      ISSN = {0894-0347},
   MRCLASS = {19D35 (13D03 19D55 19E08)},
  MRNUMBER = {2373359},
MRREVIEWER = {Jens Hornbostel},
       DOI = {10.1090/S0894-0347-07-00571-1},
       URL = {https://doi.org/10.1090/S0894-0347-07-00571-1},
}

@article{bass-chww,
    AUTHOR = {Corti\~{n}as, G. and Haesemeyer, C. and Walker, Mark E. and
              Weibel, C.},
     TITLE = {Bass' {$NK$} groups and cdh-fibrant {H}ochschild homology},
   JOURNAL = {Invent. Math.},
  FJOURNAL = {Inventiones Mathematicae},
    VOLUME = {181},
      YEAR = {2010},
    NUMBER = {2},
     PAGES = {421--448},
      ISSN = {0020-9910},
   MRCLASS = {19D35 (13D15 16E40 19D55)},
  MRNUMBER = {2657430},
MRREVIEWER = {Barry H. Dayton},
       DOI = {10.1007/s00222-010-0253-z},
       URL = {https://doi.org/10.1007/s00222-010-0253-z},
}

@article{seminormality,
    AUTHOR = {Swan, Richard G.},
     TITLE = {On seminormality},
   JOURNAL = {J. Algebra},
  FJOURNAL = {Journal of Algebra},
    VOLUME = {67},
      YEAR = {1980},
    NUMBER = {1},
     PAGES = {210--229},
      ISSN = {0021-8693},
   MRCLASS = {13B25 (14C22)},
  MRNUMBER = {595029},
MRREVIEWER = {J. W. Brewer},
       DOI = {10.1016/0021-8693(80)90318-X},
       URL = {https://doi.org/10.1016/0021-8693(80)90318-X},
}

http:

@article{swan,
    AUTHOR = {Swan, Richard G.},
     TITLE = {K-theory of coherent rings},
   JOURNAL = {J. Algebra Appl.},
  FJOURNAL = {Journal of Algebra and its Applications},
    VOLUME = {18},
      YEAR = {2019},
    NUMBER = {9},
     PAGES = {1950161, 16},
      ISSN = {0219-4988},
   MRCLASS = {19D50 (13D15 16E20)},
  MRNUMBER = {3981694},
MRREVIEWER = {Adam Chapman},
       DOI = {10.1142/S0219498819501615},
       URL = {https://doi.org/10.1142/S0219498819501615},
}

@article{bass-problems,
    AUTHOR = {Bass, Hyman},
     TITLE = {Some problems in ``classical'' algebraic {$K$}-theory},
 BOOKTITLE = {Algebraic {$K$}-theory, {II}: ``{C}lassical'' algebraic
              {$K$}-theory and connections with arithmetic ({P}roc. {C}onf.,
              {B}attelle {M}emorial {I}nst., {S}eattle, {W}ash., 1972)},
     PAGES = {3--73. Lecture Notes in Math., Vol. 342},
      YEAR = {1973},
   MRCLASS = {18F25 (13D15 16A54)},
  MRNUMBER = {0409606},
MRREVIEWER = {Manuel Ojanguren},
}

@article{cthk,
   AUTHOR = {Colliot-Th\'{e}l\`ene, Jean-Louis and Hoobler, Raymond T. and Kahn,
              Bruno},
     TITLE = {The {B}loch-{O}gus-{G}abber theorem},
 BOOKTITLE = {Algebraic {$K$}-theory ({T}oronto, {ON}, 1996)},
    SERIES = {Fields Inst. Commun.},
    VOLUME = {16},
     PAGES = {31--94},
 PUBLISHER = {Amer. Math. Soc., Providence, RI},
      YEAR = {1997},
   MRCLASS = {14F20 (14F40 19F27)},
  MRNUMBER = {1466971},
MRREVIEWER = {Gennady Lyubeznik},
}


@article{gros-suwa,
   AUTHOR = {Gros, Michel and Suwa, Noriyuki},
     TITLE = {La conjecture de {G}ersten pour les faisceaux de
              {H}odge-{W}itt logarithmique},
   JOURNAL = {Duke Math. J.},
  FJOURNAL = {Duke Mathematical Journal},
    VOLUME = {57},
      YEAR = {1988},
    NUMBER = {2},
     PAGES = {615--628},
      ISSN = {0012-7094},
   MRCLASS = {14C35 (14C15 14F30 19E15)},
  MRNUMBER = {962522},
MRREVIEWER = {Wayne Raskind},
       DOI = {10.1215/S0012-7094-88-05727-4},
       URL = {https://doi.org/10.1215/S0012-7094-88-05727-4},
}

@article{bloch-kato,
 AUTHOR = {Bloch, Spencer and Kato, Kazuya},
     TITLE = {{$p$}-adic \'{e}tale cohomology},
   JOURNAL = {Inst. Hautes \'{E}tudes Sci. Publ. Math.},
  FJOURNAL = {Institut des Hautes \'{E}tudes Scientifiques. Publications
              Math\'{e}matiques},
    NUMBER = {63},
      YEAR = {1986},
     PAGES = {107--152},
      ISSN = {0073-8301},
   MRCLASS = {14F30 (11S25 11S31 18F25 19F27)},
  MRNUMBER = {849653},
MRREVIEWER = {Gerd Faltings},
       URL = {http://www.numdam.org/item?id=PMIHES_1986__63__107_0},
}


@article{geisser-levine,
   AUTHOR = {Geisser, Thomas and Levine, Marc},
     TITLE = {The {$K$}-theory of fields in characteristic {$p$}},
   JOURNAL = {Invent. Math.},
  FJOURNAL = {Inventiones Mathematicae},
    VOLUME = {139},
      YEAR = {2000},
    NUMBER = {3},
     PAGES = {459--493},
      ISSN = {0020-9910},
   MRCLASS = {19D50 (14C15 19D45 19E08)},
  MRNUMBER = {1738056},
MRREVIEWER = {Michel Gros},
       DOI = {10.1007/s002220050014},
       URL = {https://doi.org/10.1007/s002220050014},
}

@book{Bou64,
    AUTHOR = {Bourbaki, N.},
     TITLE = {\'{E}l\'ements de math\'ematique. {F}asc. {XXX}. {A}lg\`ebre
              commutative. {C}hapitre 5: {E}ntiers. {C}hapitre 6:
              {V}aluations},
    SERIES = {Actualit\'es Scientifiques et Industrielles, No. 1308},
 PUBLISHER = {Hermann, Paris},
      YEAR = {1964},
     PAGES = {207},
   MRCLASS = {13.00 (16.00)},
  MRNUMBER = {0194450},
MRREVIEWER = {M. Nagata},
}

@article{huber-kelly,
    AUTHOR = {Huber, Annette and Kelly, Shane},
     TITLE = {Differential forms in positive characteristic, {II}:
              cdh-descent via functorial {R}iemann-{Z}ariski spaces},
   JOURNAL = {Algebra Number Theory},
  FJOURNAL = {Algebra \& Number Theory},
    VOLUME = {12},
      YEAR = {2018},
    NUMBER = {3},
     PAGES = {649--692},
      ISSN = {1937-0652},
   MRCLASS = {14G17 (14F20)},
  MRNUMBER = {3815309},
MRREVIEWER = {Haoyu Hu},
       DOI = {10.2140/ant.2018.12.649},
       URL = {https://doi.org/10.2140/ant.2018.12.649},
}

@article{madsen-weiss,
    AUTHOR = {Madsen, Ib and Weiss, Michael},
     TITLE = {The stable moduli space of {R}iemann surfaces: {M}umford's
              conjecture},
   JOURNAL = {Ann. of Math. (2)},
  FJOURNAL = {Annals of Mathematics. Second Series},
    VOLUME = {165},
      YEAR = {2007},
    NUMBER = {3},
     PAGES = {843--941},
      ISSN = {0003-486X},
   MRCLASS = {14H10 (14F43 19D06 55P47)},
  MRNUMBER = {2335797},
MRREVIEWER = {Ulrike Tillmann},
       DOI = {10.4007/annals.2007.165.843},
       URL = {https://doi.org/10.4007/annals.2007.165.843},
}

@article{segal-cft,
    AUTHOR = {Segal, Graeme},
     TITLE = {The definition of conformal field theory},
 BOOKTITLE = {Topology, geometry and quantum field theory},
    SERIES = {London Math. Soc. Lecture Note Ser.},
    VOLUME = {308},
     PAGES = {421--577},
 PUBLISHER = {Cambridge Univ. Press, Cambridge},
      YEAR = {2004},
   MRCLASS = {81T40 (57R56 81T45)},
  MRNUMBER = {2079383},
MRREVIEWER = {Thomas M. Fiore},
}

@article{thom-thesis,
    AUTHOR = {Thom, Ren\'{e}},
     TITLE = {Quelques propri\'{e}t\'{e}s globales des vari\'{e}t\'{e}s diff\'{e}rentiables},
   JOURNAL = {Comment. Math. Helv.},
  FJOURNAL = {Commentarii Mathematici Helvetici},
    VOLUME = {28},
      YEAR = {1954},
     PAGES = {17--86},
      ISSN = {0010-2571},
   MRCLASS = {56.0X},
  MRNUMBER = {0061823},
MRREVIEWER = {W. S. Massey},
       DOI = {10.1007/BF02566923},
       URL = {https://doi.org/10.1007/BF02566923},
}
	

@article{GMTW,
	Author = {S{\o}ren Galatius and Ib Madsen and Ulrike Tillmann and Michael Weiss},
	Date-Added = {2019-07-23 14:25:17 -0400},
	Date-Modified = {2019-07-23 14:26:52 -0400},
	Journal = {Acta Math.},
	Number = {2},
	Pages = {195-239},
	Title = {The homotopy type of the cobordism category},
	Volume = {202},
	Year = {2009}}

@article{Quillen:1971,
	Author = {Daniel Quillen},
	Date-Added = {2019-07-23 07:18:14 -0400},
	Date-Modified = {2019-07-23 07:22:05 -0400},
	Journal = {Adv. Math.},
	Number = {1},
	Pages = {29-56},
	Title = {Elementary Proofs of Some Results of Cobordism Theory Using Steenrod Operations},
	Volume = {7},
	Year = {1971}}

@unpublished{Annala,
	Archiveprefix = {arXiv},
	Author = {Toni Annala},
	Date-Added = {2019-07-23 07:16:08 -0400},
	Date-Modified = {2019-07-23 07:18:10 -0400},
	Eprint = {1807.04989v2},
	Primaryclass = {math.AG},
	Title = {Bivariant derived algebraic cobordism}}

@article{LowreySchurg,
	Author = {Parker Lowrey and Timo Sch{\"u}rg},
	Date-Added = {2019-07-23 07:15:23 -0400},
	Date-Modified = {2019-07-23 07:17:05 -0400},
	Journal = {J. Inst. Math. Jussieu},
	Pages = {407-443},
	Title = {Derived algebraic cobordism},
	Volume = {15},
	Year = {2016}}

@unpublished{ElmantoKolderup,
	Archiveprefix = {arXiv},
	Author = {Elden Elmanto and H{\aa}kon Kolderup},
	Date-Added = {2019-07-15 17:05:43 +0200},
	Date-Modified = {2019-07-15 17:06:26 +0200},
	Eprint = {1708.05651v4},
	Primaryclass = {math.AG},
	Title = {On Modules over Motivic Ring Spectra},
	Year = {2019}}

@unpublished{DJKFundamental,
	Archiveprefix = {arXiv},
	Author = {D{\'e}glise, Fr{\'e}d{\'e}ric and Jin, Fangzhou and Khan, Adeel A.},
	Date-Added = {2019-07-15 16:36:45 +0200},
	Date-Modified = {2019-07-15 16:37:12 +0200},
	Eprint = {1805.05920v2},
	Primaryclass = {math.AG},
	Title = {Fundamental classes in motivic homotopy theory},
	Year = {2018}}

@article{PaninOrientedII,
	Author = {Ivan Panin},
	Date-Added = {2019-07-15 16:24:00 +0200},
	Date-Modified = {2019-07-15 16:24:54 +0200},
	Journal = {Homology Homotopy Appl.},
	Number = {1},
	Pages = {349-405},
	Title = {Oriented cohomology theories of algebraic varieties II},
	Volume = {11},
	Year = {2009}}

@unpublished{NavarroGysin,
	Archiveprefix = {arXiv},
	Author = {Alberto Navarro},
	Date-Added = {2019-07-15 14:55:21 +0200},
	Date-Modified = {2019-07-15 17:02:29 +0200},
	Eprint = {1605.00980v1},
	Primaryclass = {math.KT},
	Title = {Riemann--Roch for homotopy invariant $K$-theory and Gysin morphisms},
	Year = {2016}}

@article{NeshitovOmega,
	Author = {Alexander Neshitov},
	Date-Added = {2019-07-15 13:06:36 +0200},
	Date-Modified = {2019-07-15 13:08:25 +0200},
	Journal = {St. Petersburg Math. J.},
	Number = {6},
	Pages = {919-932},
	Title = {Rigidity theorem for presheaves with $\Omega$-transfers},
	Volume = {26},
	Year = {2015}}

@phdthesis{KhanThesis,
	Author = {Adeel A. Khan},
	Date-Added = {2019-07-12 21:19:30 +0200},
	Date-Modified = {2019-07-12 21:19:30 +0200},
	School = {Universit{\"a}t Duisburg-Essen},
	Title = {Motivic homotopy theory in derived algebraic geometry},
	Url = {https://www.preschema.com/thesis/thesis.pdf},
	Year = {2016},
	Bdsk-Url-1 = {https://www.preschema.com/thesis/thesis.pdf}}

@article{HAG2,
	Archiveprefix = {arXiv},
	Author = {Bertrand To{\"e}n and Gabriele Vezzosi},
	Date-Added = {2019-07-10 16:06:40 +0200},
	Date-Modified = {2019-07-15 17:03:50 +0200},
	Eprint = {math/0404373},
	Journal = {Mem. Amer. Math. Soc.},
	Number = {902},
	Primaryclass = {math.AG},
	Title = {Homotopical Algebraic Geometry. II. Geometric stacks and applications},
	Volume = {193},
	Year = {2008}}

@unpublished{BachmannFasel,
	Archiveprefix = {arXiv},
	Author = {Tom Bachmann and Jean Fasel},
	Date-Added = {2019-07-02 10:57:06 +0200},
	Date-Modified = {2019-07-02 10:57:06 +0200},
	Eprint = {1710.00594v3},
	Primaryclass = {math.KT},
	Title = {On the effectivity of spectra representing motivic cohomology theories},
	Year = {2018}}

@unpublished{GarkushaNeshitov,
	Archiveprefix = {arXiv},
	Author = {Grigory Garkusha and Alexander Neshitov},
	Date-Added = {2019-06-21 19:00:07 +0200},
	Date-Modified = {2019-06-21 19:00:54 +0200},
	Eprint = {1804.07621v1},
	Primaryclass = {math.AG},
	Title = {Fibrant resolutions for motivic Thom spectra},
	Year = {2018}}

@inproceedings{Gruson,
	Author = {Laurent Gruson},
	Booktitle = {Colloque d'alg{\`e}bre commutative, exp.~n\textsuperscript{o}~10},
	Date-Added = {2019-06-09 20:13:16 -0700},
	Date-Modified = {2019-06-09 20:13:16 -0700},
	Series = {Publications des s{\'e}minaires de math{\'e}matiques et informatique de Rennes},
	Title = {Une propri{\'e}t{\'e} des couples hens{\'e}liens},
	Year = {1972}}

@article{ORW,
	Author = {Oscar Randal-Williams},
	Date-Added = {2019-05-22 09:20:03 -0700},
	Date-Modified = {2019-05-22 09:21:18 -0700},
	Journal = {Q. J. Math.},
	Number = {3},
	Pages = {795-803},
	Title = {``Group-completion'', local coefficient systems and perfection},
	Volume = {64},
	Year = {2013}}

@unpublished{Nikolaus,
	Author = {Thomas Nikolaus},
	Date-Added = {2019-05-22 09:18:42 -0700},
	Date-Modified = {2019-05-22 09:19:59 -0700},
	Title = {The group completion theorem via localizations of ring spectra},
	Url = {https://www.uni-muenster.de/IVV5WS/WebHop/user/nikolaus/papers.html},
	Year = {2017},
	Bdsk-Url-1 = {https://www.uni-muenster.de/IVV5WS/WebHop/user/nikolaus/papers.html}}

@article{HallRydh,
	Author = {Jack Hall and David Rydh},
	Date-Added = {2019-05-21 10:49:53 -0700},
	Date-Modified = {2019-05-21 10:50:48 -0700},
	Journal = {Adv. Math.},
	Pages = {194-233},
	Title = {The Hilbert stack},
	Volume = {253},
	Year = {2014}}

@unpublished{framed-loc,
	Abstract = {We prove the analog of the Morel-Voevodsky localization theorem for framed motivic spaces. We deduce that framed motivic spectra are equivalent to motivic spectra over arbitrary Z[1/2]-schemes, and we give a new construction of motivic cohomology for such schemes.},
	Archiveprefix = {arXiv},
	Author = {Marc Hoyois},
	Date-Added = {2019-05-20 09:13:42 -0700},
	Date-Modified = {2019-05-20 09:13:52 -0700},
	Eprint = {1807.04253v2},
	Primaryclass = {math.AG},
	Title = {The localization theorem for framed motivic spaces},
	Year = {2018},
	Bdsk-Url-1 = {https://arxiv.org/abs/1807.04253}}

@article{RydhApprox,
	Author = {David Rydh},
	Date-Added = {2019-05-12 18:45:56 -0700},
	Date-Modified = {2019-05-12 18:46:50 -0700},
	Journal = {J. Algebra},
	Pages = {105-147},
	Title = {Noetherian approximation of algebraic spaces and stacks},
	Volume = {422},
	Year = {2015}}
	
@article{bhatt-tannaka,
    AUTHOR = {Bhatt, Bhargav},
     TITLE = {Algebraization and {T}annaka duality},
   JOURNAL = {Camb. J. Math.},
  FJOURNAL = {Cambridge Journal of Mathematics},
    VOLUME = {4},
      YEAR = {2016},
    NUMBER = {4},
     PAGES = {403--461},
      ISSN = {2168-0930},
   MRCLASS = {14F05 (14A20 18A30)},
  MRNUMBER = {3572635},
MRREVIEWER = {Hsian-Hua Tseng},
       DOI = {10.4310/CJM.2016.v4.n4.a1},
       URL = {https://doi.org/10.4310/CJM.2016.v4.n4.a1},
}

@article{BhattH-L,
	Author = {Bhargav Bhatt and Daniel Halpern-Leistner},
	Date-Added = {2019-05-12 18:43:31 -0700},
	Date-Modified = {2019-05-12 18:44:54 -0700},
	Journal = {Adv. Math.},
	Pages = {576-612},
	Title = {Tannaka duality revisited},
	Volume = {316},
	Year = {2017}}

@unpublished{KhanVCD,
	Archiveprefix = {arXiv},
	Author = {Adeel A. Khan and David Rydh},
	Date-Added = {2019-05-11 20:50:47 -0700},
	Date-Modified = {2019-05-21 13:05:06 -0700},
	Eprint = {1802.05702v2},
	Primaryclass = {math.AG},
	Title = {Virtual Cartier divisors and blow-ups},
	Year = {2019}}

@unpublished{Druzhinin,
	Archiveprefix = {arXiv},
	Author = {Andrei Druzhinin},
	Date-Added = {2019-05-08 19:39:12 -0700},
	Date-Modified = {2019-05-08 19:40:09 -0700},
	Eprint = {1803.11388v6},
	Primaryclass = {math.AG},
	Title = {Framed motives of smooth affine pairs},
	Year = {2018}}

@article{Elkik,
	Author = {Ren{\'e}e Elkik},
	Date-Added = {2019-05-05 09:19:11 -0700},
	Date-Modified = {2019-05-05 09:19:11 -0700},
	Journal = {Ann. Sci. {\'E}c. Norm. Sup{\'e}r.},
	Number = {4},
	Pages = {553-603},
	Title = {Solutions d'{\'e}quations {\`a} coefficients dans un anneau hens{\'e}lien},
	Volume = {6},
	Year = {1973}}

@article{Arabia,
	Author = {Alberto Arabia},
	Date-Added = {2019-05-05 09:18:21 -0700},
	Date-Modified = {2019-05-05 09:18:21 -0700},
	Journal = {Comment. Math. Helv.},
	Pages = {607-639},
	Title = {Rel{\`e}vements des alg{\`e}bres lisses et de leurs morphismes},
	Volume = {76},
	Year = {2001}}

@article{KST,
	Author = {Moritz Kerz and Florian Strunk and Georg Tamme},
	Date-Added = {2019-04-01 15:31:06 -0700},
	Date-Modified = {2019-04-01 15:31:06 -0700},
	Journal = {Invent. Math.},
	Number = {2},
	Title = {Algebraic $K$-theory and descent for blow-ups},
	Volume = {211},
	Year = {2017},
	Bdsk-Url-1 = {https://doi.org/10.1007/s00222-017-0752-2}}

@unpublished{EHKSY1,
	Abstract = {We prove a recognition principle for motivic infinite P1-loop spaces over an infinite perfect field. This is achieved by developing a theory of framed motivic spaces, which is a motivic analogue of the theory of E-infinity-spaces. A framed motivic space is a motivic space equipped with transfers along finite syntomic morphisms with trivialized cotangent complex in K-theory. Our main result is that grouplike framed motivic spaces are equivalent to the full subcategory of motivic spectra generated under colimits by suspension spectra. As a consequence, we deduce some representability results for suspension spectra of smooth varieties, and in particular for the motivic sphere spectrum, in terms of Hilbert schemes of points in affine spaces.},
	Archiveprefix = {arXiv},
	Author = {Elden Elmanto and Marc Hoyois and Adeel A. Khan and Vladimir Sosnilo and Maria Yakerson},
	Date-Added = {2019-03-22 15:00:02 -0700},
	Date-Modified = {2019-03-22 15:00:02 -0700},
	Eprint = {1711.05248v5},
	Primaryclass = {math.AG},
	Title = {Motivic infinite loop spaces},
	Year = {2019},
	Bdsk-Url-1 = {https://arxiv.org/abs/1711.05248}}

@unpublished{DruzhininKylling,
	Archiveprefix = {arXiv},
	Author = {Andrei Druzhinin and Jonas Irgens Kylling},
	Date-Added = {2018-09-26 09:07:28 -0700},
	Date-Modified = {2018-09-26 09:08:36 -0700},
	Eprint = {1809.03238v2},
	Primaryclass = {math.KT},
	Title = {Framed correspondences and the zeroth stable motivic homotopy group in odd characteristic},
	Year = {2018}}

@unpublished{EHKSY2,
	Abstract = {We prove a recognition principle for motivic infinite P1-loop spaces over an infinite perfect field. This is achieved by developing a theory of framed motivic spaces, which is a motivic analogue of the theory of E-infinity-spaces. A framed motivic space is a motivic space equipped with transfers along finite syntomic morphisms with trivialized cotangent complex in K-theory. Our main result is that grouplike framed motivic spaces are equivalent to the full subcategory of motivic spectra generated under colimits by suspension spectra. As a consequence, we deduce some representability results for suspension spectra of smooth varieties, and in particular for the motivic sphere spectrum, in terms of Hilbert schemes of points in affine spaces.},
	Archiveprefix = {arXiv},
	Author = {Elden Elmanto and Marc Hoyois and Adeel A. Khan and Vladimir Sosnilo and Maria Yakerson},
	Date-Added = {2018-09-19 13:43:25 -0700},
	Date-Modified = {2019-07-15 17:01:09 +0200},
	Eprint = {1809.10666v1},
	Primaryclass = {math.AG},
	Title = {Framed transfers and motivic fundamental classes},
	Year = {2018},
	Bdsk-Url-1 = {https://arxiv.org/abs/1711.05248}}

@unpublished{DruzhininPanin,
	Archiveprefix = {arXiv},
	Author = {Andrei Druzhinin and Ivan Panin},
	Date-Added = {2018-08-24 17:57:43 -0700},
	Date-Modified = {2018-08-24 17:58:31 -0700},
	Eprint = {1808.07765v1},
	Primaryclass = {math.KT},
	Title = {Surjectivity of the etale excision map for homotopy invariant framed presheaves},
	Year = {2018}}

@unpublished{HA,
	Author = {Jacob Lurie},
	Date-Added = {2018-05-17 21:36:00 +0000},
	Date-Modified = {2018-05-17 21:36:00 +0000},
	Month = {September},
	Title = {Higher Algebra},
	Url = {http://www.math.harvard.edu/~lurie/papers/HA.pdf},
	Year = {2017},
	Bdsk-Url-1 = {http://www.math.harvard.edu/~lurie/}}

@unpublished{HTT,
	Author = {Jacob Lurie},
	Date-Added = {2018-05-17 21:36:00 +0000},
	Date-Modified = {2018-05-17 21:36:00 +0000},
	Month = {April},
	Title = {Higher Topos Theory},
	Url = {http://www.math.harvard.edu/~lurie/papers/HTT.pdf},
	Year = {2017},
	Bdsk-Url-1 = {http://www.math.harvard.edu/~lurie/}}

@unpublished{SAG,
	Author = {Jacob Lurie},
	Date-Added = {2018-05-17 21:32:14 +0000},
	Date-Modified = {2018-05-17 21:32:14 +0000},
	Month = {February},
	Title = {Spectral Algebraic Geometry},
	Url = {http://www.math.harvard.edu/~lurie/papers/SAG-rootfile.pdf},
	Year = {2018},
	Bdsk-Url-1 = {http://www.math.harvard.edu/~lurie/papers/SAG-rootfile.pdf}}
	
	@unpublished{dagVIII,
	Author = {Jacob Lurie},
	Title = {Quasicoherent sheaves and Tannaka duality Theorems},
	Year = {2011}
	}

@unpublished{ferrand-kahn,
	Archiveprefix = {arXiv},
	Author = {Daniel Ferrand and Bruno Kahn},
	Date-Added = {2018-05-14 22:38:24 +0000},
	Date-Modified = {2018-05-17 21:33:17 +0000},
	Eprint = {1510.06588v1},
	Primaryclass = {math.AG},
	Title = {Recoller pour s{\'e}parer},
	Year = {2015}}

@article{BachmannSlices,
	Author = {Tom Bachmann},
	Date-Added = {2018-05-13 17:19:20 +0000},
	Date-Modified = {2018-05-13 17:19:39 +0000},
	Journal = {J. Topol.},
	Number = {4},
	Pages = {1124-1144},
	Title = {The Generalized Slices of Hermitian $K$-Theory},
	Volume = {10},
	Year = {2017}}

@article{HoyoisGLV,
	Author = {Marc Hoyois},
	Date-Added = {2018-05-12 15:39:09 +0000},
	Date-Modified = {2018-05-12 15:39:09 +0000},
	Journal = {Algebr. Geom. Topol.},
	Number = {6},
	Pages = {3603--3658},
	Title = {A quadratic refinement of the {G}rothendieck--{L}efschetz--{V}erdier trace formula},
	Volume = {14},
	Year = {2014}}

@article{Elmanto:2017ab,
	Author = {Elden Elmanto and Marc Hoyois and Adeel A. Khan and Vladimir Sosnilo and Maria Yakerson},
	Date-Added = {2018-01-30 13:47:07 +0000},
	Date-Modified = {2018-01-30 13:47:07 +0000},
	Eprint = {1711.05248},
	Month = {11},
	Title = {Motivic infinite loop spaces},
	Url = {https://arxiv.org/abs/1711.05248},
	Year = {2017},
	Bdsk-Url-1 = {https://arxiv.org/abs/1711.05248}}

@article{MorelAsterisque,
	Author = {Fabien Morel},
	Date-Added = {2017-11-11 03:30:46 +0000},
	Date-Modified = {2017-11-11 03:32:14 +0000},
	Journal = {Ast{\'e}risque},
	Title = {Th{\'e}orie homotopique des sch{\'e}mas},
	Volume = {256},
	Year = {1999}}

@article{slicesandtransfers,
	Author = {Marc {Levine}},
	Fjournal = {{Documenta Mathematica}},
	Issn = {1431-0635; 1431-0643/e},
	Journal = {{Doc. Math., J. DMV}},
	Language = {English},
	Msc2010 = {14F42 19E15 19E08 14C25 55P42},
	Pages = {393--443},
	Publisher = {Universit\"at Bielefeld, Fakult\"at f\"ur Mathematik, Bielefeld},
	Title = {{Slices and transfers.}},
	Volume = {Extra Vol.},
	Year = {2010},
	Zbl = {1210.14024}}

@unpublished{LevineVFC,
	Archiveprefix = {arXiv},
	Author = {Marc Levine},
	Date-Added = {2017-11-10 01:41:00 +0000},
	Date-Modified = {2017-11-10 01:41:48 +0000},
	Eprint = {1703.03056v1},
	Primaryclass = {math.AG},
	Title = {The intrinsic stable normal cone},
	Year = {2017}}

@article{BV,
	Author = {Boardman, John Michael and Vogt, Rainer M},
	Date-Added = {2017-11-10 01:36:24 +0000},
	Date-Modified = {2017-11-10 01:37:43 +0000},
	Journal = {Bull. Amer. Math. Soc.},
	Number = {6},
	Pages = {1117-1122},
	Title = {Homotopy-everything $H$-spaces},
	Volume = {74},
	Year = {1968}}

@book{boardman-vogt,
	Author = {Boardman, John Michael and Vogt, Rainer M},
	Publisher = {Springer},
	Title = {Homotopy invariant algebraic structures on topological spaces},
	Volume = {347},
	Year = {2006}}

@unpublished{virtual,
	Author = {Denis-Charles Cisinski and Fr{\'e}d{\'e}ric D{\'e}glise and Adeel Khan and others},
	Date-Modified = {2017-11-10 01:43:41 +0000},
	Note = {work in progress},
	Title = {Cycles and transfers in derived algebraic geometry}}

@article{Dugger:2016aa,
	Author = {Daniel Dugger},
	Date-Added = {2017-10-23 15:50:56 +0000},
	Date-Modified = {2017-10-23 15:50:56 +0000},
	Eprint = {1602.00748},
	Month = {02},
	Title = {Gysin functors and the Grothendieck-Witt category, Part I},
	Url = {https://arxiv.org/abs/1602.00748},
	Year = {2016},
	Bdsk-Url-1 = {https://arxiv.org/abs/1602.00748}}

@book{adams,
	Author = {Adams, John Frank},
	Date-Added = {2017-10-21 03:38:25 +0000},
	Date-Modified = {2017-10-21 03:38:25 +0000},
	Isbn = {0-691-08207-3; 0-691-08206-5},
	Mrclass = {55-02 (55N20 55P47)},
	Mrnumber = {505692},
	Mrreviewer = {Stewart B. Priddy},
	Pages = {x+214},
	Publisher = {Princeton University Press, Princeton, N.J.; University of Tokyo Press, Tokyo},
	Series = {Annals of Mathematics Studies},
	Title = {Infinite loop spaces},
	Volume = {90},
	Year = {1978},
	Bdsk-Url-1 = {http://mathscinet.ams.org/mathscinet-getitem?mr=505692}}

@unpublished{Calmes:2014ab,
	Archiveprefix = {arXiv},
	Author = {Baptiste Calm{\`e}s and Jean Fasel},
	Date-Added = {2017-10-23 03:37:02 +0000},
	Date-Modified = {2018-09-27 18:20:58 -0700},
	Eprint = {1412.2989v2},
	Primaryclass = {math.AG},
	Title = {The category of finite MW-correspondences},
	Year = {2017},
	Bdsk-Url-1 = {https://arxiv.org/abs/1412.2989}}

@incollection{kraines-lada,
	Author = {Kraines, David and Lada, Thomas},
	Booktitle = {Algebraic topology, {W}aterloo, 1978 ({P}roc. {C}onf., {U}niv. {W}aterloo, {W}aterloo, {O}nt., 1978)},
	Date-Added = {2017-10-21 05:40:30 +0000},
	Date-Modified = {2017-10-21 05:40:30 +0000},
	Mrclass = {55P47 (55P65)},
	Mrnumber = {557187},
	Mrreviewer = {J. F. Adams},
	Pages = {588--624},
	Publisher = {Springer, Berlin},
	Series = {Lecture Notes in Math.},
	Title = {A counterexample to the transfer conjecture},
	Volume = {741},
	Year = {1979}}

@incollection{morel-pi0,
	Author = {Fabien Morel},
	Booktitle = {Axiomatic, enriched and motivic homotopy theory},
	Date-Added = {2017-10-23 03:06:49 +0000},
	Date-Modified = {2017-11-11 16:48:30 +0000},
	Mrclass = {19D45 (11E81 14F42 19G12 55P99)},
	Mrnumber = {2061856},
	Mrreviewer = {Daniel C. Isaksen},
	Pages = {219--260},
	Publisher = {Kluwer Acad. Publ., Dordrecht},
	Series = {NATO Sci. Ser. II Math. Phys. Chem.},
	Title = {On the motivic {$\pi_0$} of the sphere spectrum},
	Url = {https://doi.org/10.1007/978-94-007-0948-5_7},
	Volume = {131},
	Year = {2004},
	Bdsk-Url-1 = {https://doi.org/10.1007/978-94-007-0948-5_7}}

@article{asok-fasel1,
	Author = {Asok, Aravind and Fasel, Jean},
	Date-Added = {2017-10-21 03:43:33 +0000},
	Date-Modified = {2017-10-23 18:57:40 +0000},
	Fjournal = {Journal of the American Mathematical Society},
	Issn = {0894-0347},
	Journal = {J. Amer. Math. Soc.},
	Mrclass = {14F42 (13C10 14J60 19A13 19D45)},
	Mrnumber = {3369908},
	Mrreviewer = {Daniel C. Isaksen},
	Number = {4},
	Pages = {1031--1062},
	Title = {Splitting vector bundles outside the stable range and $\mathbb{A}^1$-homotopy sheaves of punctured affine spaces},
	Url = {https://doi.org/10.1090/S0894-0347-2014-00818-3},
	Volume = {28},
	Year = {2015},
	Bdsk-Url-1 = {http://mathscinet.ams.org/mathscinet-getitem?mr=3369908}}

@article{asok-fasel2,
	Author = {Asok, Aravind and Fasel, Jean},
	Date-Added = {2017-10-21 03:43:34 +0000},
	Date-Modified = {2017-10-21 03:43:34 +0000},
	Fjournal = {Duke Mathematical Journal},
	Issn = {0012-7094},
	Journal = {Duke Math. J.},
	Mrclass = {14J60 (14J30 19D45 55S35)},
	Mrnumber = {3273577},
	Mrreviewer = {Mart\'\i Lahoz},
	Number = {14},
	Pages = {2561--2601},
	Title = {A cohomological classification of vector bundles on smooth affine threefolds},
	Url = {https://doi.org/10.1215/00127094-2819299},
	Volume = {163},
	Year = {2014},
	Bdsk-Url-1 = {http://mathscinet.ams.org/mathscinet-getitem?mr=3273577}}

@article{Wickelgren:2014aa,
	Abstract = {We give a tool for understanding simplicial desuspension in A1-algebraic topology: we show that},
	Author = {Kirsten Wickelgren and Ben Williams},
	Date-Added = {2017-10-21 03:40:59 +0000},
	Date-Modified = {2017-10-23 18:57:21 +0000},
	Eprint = {1411.5306},
	Month = {11},
	Title = {The Simplicial EHP Sequence in $\mathbb A^1$-Algebraic Topology},
	Url = {https://arxiv.org/abs/1411.5306},
	Year = {2014},
	Bdsk-Url-1 = {https://arxiv.org/abs/1411.5306}}

@article{Kass:2016aa,
	Author = {Jesse Leo Kass and Kirsten Wickelgren},
	Date-Added = {2017-10-21 16:41:31 +0000},
	Date-Modified = {2017-10-21 18:06:55 +0000},
	Eprint = {1608.05669},
	Month = {08},
	Title = {The class of Eisenbud--Khimshiashvili--Levine is the local $\mathbb A^1$-Brouwer degree},
	Url = {https://arxiv.org/abs/1608.05669},
	Year = {2016},
	Bdsk-Url-1 = {https://arxiv.org/abs/1608.05669}}

@article{Kass:2017aa,
	Author = {Jesse Leo Kass and Kirsten Wickelgren},
	Date-Added = {2017-10-21 16:44:06 +0000},
	Date-Modified = {2017-10-21 16:44:06 +0000},
	Eprint = {1708.01175},
	Month = {08},
	Title = {An Arithmetic Count of the Lines on a Smooth Cubic Surface},
	Url = {https://arxiv.org/abs/1708.01175},
	Year = {2017},
	Bdsk-Url-1 = {https://arxiv.org/abs/1708.01175}}

@article{Bachmann:2017aa,
	Author = {Bachmann, Tom and Fasel, Jean},
	Date-Added = {2017-10-23 03:50:58 +0000},
	Date-Modified = {2017-10-23 03:50:58 +0000},
	Eprint = {1710.00594},
	Month = {10},
	Title = {On the effectivity of spectra representing motivic cohomology theories},
	Url = {https://arxiv.org/abs/1710.00594},
	Year = {2017},
	Bdsk-Url-1 = {https://arxiv.org/abs/1710.00594}}

@article{Garkusha:2017aa,
	Author = {Grigory Garkusha},
	Date-Added = {2017-10-23 03:50:40 +0000},
	Date-Modified = {2017-10-23 03:50:40 +0000},
	Eprint = {1705.01635},
	Month = {05},
	Title = {Reconstructing rational stable motivic homotopy theory},
	Url = {https://arxiv.org/abs/1705.01635},
	Year = {2017},
	Bdsk-Url-1 = {https://arxiv.org/abs/1705.01635}}

@article{barge-morel,
	Author = {Barge, Jean and Morel, Fabien},
	Date-Added = {2017-10-22 22:59:12 +0000},
	Date-Modified = {2017-10-22 22:59:12 +0000},
	Fjournal = {Comptes Rendus de l'Acad\'emie des Sciences. S\'erie I. Math\'ematique},
	Issn = {0764-4442},
	Journal = {C. R. Acad. Sci. Paris S\'er. I Math.},
	Mrclass = {14C15},
	Mrnumber = {1753295},
	Number = {4},
	Pages = {287--290},
	Title = {Groupe de {C}how des cycles orient\'es et classe d'{E}uler des fibr\'es vectoriels},
	Url = {https://doi.org/10.1016/S0764-4442(00)00158-0},
	Volume = {330},
	Year = {2000},
	Bdsk-Url-1 = {https://doi.org/10.1016/S0764-4442(00)00158-0}}

@book{may-1972,
	Author = {May, J. P.},
	Mrclass = {55D35},
	Mrnumber = {0420610},
	Mrreviewer = {J. Stasheff},
	Note = {Lectures Notes in Mathematics, Vol. 271},
	Pages = {viii+175},
	Publisher = {Springer-Verlag, Berlin-New York},
	Title = {The geometry of iterated loop spaces},
	Year = {1972}}

@book{SGA6,
	Author = {Pierre Berthelot and Alexandre Grothendieck and Luc Illusie},
	Date-Added = {2017-10-20 19:13:00 +0000},
	Date-Modified = {2017-10-20 19:15:33 +0000},
	Publisher = {Springer},
	Series = {Lecture Notes in Mathematics},
	Title = {Th{\'e}orie des Intersections et Th{\'e}or{\`e}me de Riemann--Roch},
	Volume = {225},
	Year = {1971}}

@article{AltmanKleiman,
	Author = {Allen B. Altman and Steven L. Kleiman},
	Date-Added = {2017-10-20 02:57:23 +0000},
	Date-Modified = {2017-10-20 02:58:08 +0000},
	Journal = {Adv. Math.},
	Number = {1},
	Pages = {50-112},
	Title = {Compactifying the Picard scheme},
	Volume = {35},
	Year = {1980}}

@article{OlssonStarr,
	Author = {Martin Olsson and Jason Starr},
	Date-Added = {2017-10-20 02:57:22 +0000},
	Date-Modified = {2017-10-20 03:02:17 +0000},
	Journal = {Comm. Algebra},
	Number = {8},
	Pages = {4069-4096},
	Title = {Quot Functors for Deligne--Mumford Stacks},
	Volume = {31},
	Year = {2003}}

@article{Utsav,
	Author = {Utsav Choudhury},
	Date-Added = {2017-10-20 02:55:06 +0000},
	Date-Modified = {2017-10-20 02:55:56 +0000},
	Journal = {Algebr. Geom. Topol.},
	Pages = {37-55},
	Title = {On a conjecture of Morel},
	Volume = {14},
	Year = {2014}}

@article{RydhHilb,
	Author = {David Rydh},
	Date-Added = {2017-10-20 02:51:52 +0000},
	Date-Modified = {2017-10-20 03:01:47 +0000},
	Journal = {Comm. Algebra},
	Number = {7},
	Pages = {2632-2646},
	Title = {Representability of Hilbert schemes and Hilbert stacks of points},
	Volume = {39},
	Year = {2011}}

@article{AyoubEtale,
	Author = {Joseph Ayoub},
	Date-Added = {2017-10-20 02:22:23 +0000},
	Date-Modified = {2017-10-20 04:40:43 +0000},
	Journal = {Ann. Sci. {\'E}c. Norm. Sup{\'e}r.},
	Number = {1},
	Pages = {1-145},
	Title = {La r{\'e}alisation {\'e}tale et les op{\'e}rations de Grothendieck},
	Volume = {47},
	Year = {2014}}

@article{AOV,
	Author = {Dan Abramovich and Martin Olsson and Angelo Vistoli},
	Date-Added = {2017-10-20 02:05:39 +0000},
	Date-Modified = {2017-10-20 02:05:39 +0000},
	Journal = {Ann. I. Fourier},
	Number = {4},
	Pages = {1057-1091},
	Title = {Tame stacks in positive characteristic},
	Volume = {58},
	Year = {2008}}

@article{Asok:2009,
	Archiveprefix = {arXiv},
	Author = {Aravind Asok and Brent Doran},
	Date-Added = {2017-10-20 02:05:39 +0000},
	Date-Modified = {2017-10-20 02:15:21 +0000},
	Eprint = {0902.1564},
	Journal = {Adv. Math.},
	Number = {4},
	Pages = {1144-1190},
	Primaryclass = {math.AG},
	Title = {$\mathbb{A}^1$-homotopy groups, excision, and solvable quotients},
	Volume = {221},
	Year = {2009}}

@article{asok2016smooth,
	Author = {Asok, Aravind and Doran, Brent and Fasel, Jean},
	Date-Added = {2017-10-20 02:05:39 +0000},
	Date-Modified = {2017-10-20 02:05:39 +0000},
	Journal = {International Mathematics Research Notices},
	Number = {6},
	Pages = {1890--1925},
	Publisher = {Oxford University Press},
	Title = {Smooth models of motivic spheres and the clutching construction},
	Volume = {2017},
	Year = {2016}}

@article{Ayoub,
	Author = {Joseph Ayoub},
	Date-Added = {2017-10-20 02:05:39 +0000},
	Date-Modified = {2017-10-20 02:05:39 +0000},
	Journal = {Ast{\'e}risque},
	Title = {Les six op{\'e}rations de Grothendieck et le formalisme des cycles {\'e}vanescents dans le monde motivique, I},
	Volume = {315},
	Year = {2008}}

@article{Ayoub:2005,
	Author = {Joseph Ayoub},
	Date-Added = {2017-10-20 02:05:39 +0000},
	Date-Modified = {2017-10-20 02:05:39 +0000},
	Journal = {Oberwolfach Reports},
	Number = {2},
	Pages = {916-919},
	Title = {The motivic {T}hom spectrum $\mathrm{MGL}$ and the algebraic cobordism {$\Omega^\ast(\mathord-)$}},
	Volume = {2},
	Year = {2005}}

@article{Ayoub:2006,
	Author = {Joseph Ayoub},
	Date-Added = {2017-10-20 02:05:39 +0000},
	Date-Modified = {2017-10-20 02:05:39 +0000},
	Journal = {C. R. Math. Acad. Sci. Paris},
	Number = {12},
	Pages = {943-948},
	Title = {Un contre-exemple {\`a} la conjecture de $\mathbb{A}^1$-connexit{\'e} de {F.~Morel}},
	Volume = {342},
	Year = {2006}}

@article{Ayoub2,
	Author = {Joseph Ayoub},
	Date-Added = {2017-10-20 02:05:39 +0000},
	Date-Modified = {2017-10-20 02:05:39 +0000},
	Journal = {Ast{\'e}risque},
	Title = {Les six op{\'e}rations de Grothendieck et le formalisme des cycles {\'e}vanescents dans le monde motivique, II},
	Volume = {316},
	Year = {2008}}

@article{AyoubBetti,
	Author = {Joseph Ayoub},
	Date-Added = {2017-10-20 02:05:39 +0000},
	Date-Modified = {2017-10-20 02:05:39 +0000},
	Journal = {J. Inst. Math. Jussieu},
	Number = {2},
	Pages = {225-263},
	Title = {Note sur les op{\'e}rations de Grothendieck et la r{\'e}alisation de Betti},
	Volume = {9},
	Year = {2010}}

@article{bachmann-gwtimes,
	Author = {Bachmann, Tom},
	Date-Added = {2017-10-20 02:05:39 +0000},
	Date-Modified = {2017-10-20 02:05:39 +0000},
	Note = {\href{https://arxiv.org/abs/1612.04728}{arXiv:1612.04728}},
	Title = {Some Remarks on Units in Grothendieck-Witt Rings},
	Year = {2016}}

@article{BarwickKtheory,
	Author = {Clark Barwick},
	Date-Added = {2017-10-20 02:05:39 +0000},
	Date-Modified = {2017-10-20 02:06:21 +0000},
	Journal = {J. Topol.},
	Number = {1},
	Pages = {245-347},
	Title = {On the algebraic $K$-theory of higher categories},
	Volume = {9},
	Year = {2016}}

@article{BarwickMackey,
	Author = {Clark Barwick},
	Date-Added = {2017-10-20 02:05:39 +0000},
	Date-Modified = {2017-10-20 02:05:39 +0000},
	Journal = {Adv. Math.},
	Number = {2},
	Pages = {646-727},
	Title = {Spectral Mackey functors and equivariant algebraic $K$-theory (I)},
	Volume = {304},
	Year = {2017},
	Bdsk-Url-1 = {http://arxiv.org/pdf/1404.0108v2}}

@article{BFN,
	Author = {D. Ben-Zvi and J. Francis and D. Nadler},
	Date-Added = {2017-10-20 02:05:39 +0000},
	Date-Modified = {2017-10-20 02:05:39 +0000},
	Journal = {J. Amer. Math. Soc.},
	Number = {4},
	Pages = {909-966},
	Title = {Integral transforms and Drinfeld centers in derived algebraic geometry},
	Volume = {23},
	Year = {2010}}

@article{CDetale,
	Author = {Denis-Charles Cisinski and Fr{\'e}d{\'e}ric D{\'e}glise},
	Date-Added = {2017-10-20 02:05:39 +0000},
	Date-Modified = {2017-10-20 02:05:39 +0000},
	Journal = {Compos. Math.},
	Number = {3},
	Pages = {556-666},
	Title = {{\'E}tale motives},
	Volume = {152},
	Year = {2016}}

@article{CDintegral,
	Author = {Denis-Charles Cisinski and Fr{\'e}d{\'e}ric D{\'e}glise},
	Date-Added = {2017-10-20 02:05:39 +0000},
	Date-Modified = {2017-10-20 02:05:39 +0000},
	Journal = {Doc. Math., Extra Volume: Alexander S. Merkurjev's Sixtieth Birthday},
	Pages = {145-194},
	Title = {Integral mixed motives in equal characteristic},
	Year = {2015}}

@article{CHSW,
	Author = {Guillermo Corti{\~n}as and Christian Haesemeyer and Marco Schlichting and Charles A. Weibel},
	Date-Added = {2017-10-20 02:05:39 +0000},
	Date-Modified = {2017-10-20 02:05:39 +0000},
	Journal = {Ann. Math.},
	Number = {2},
	Pages = {549-573},
	Title = {Cyclic homology, cdh-cohomology and negative K-theory},
	Volume = {167},
	Year = {2008}}

@article{Cisinski,
	Author = {Denis-Charles Cisinski},
	Date-Added = {2017-10-20 02:05:39 +0000},
	Date-Modified = {2017-10-20 02:05:39 +0000},
	Journal = {Ann. Math.},
	Number = {2},
	Pages = {425-448},
	Title = {Descente par {\'e}clatements en $K$-th{\'e}orie invariante par homotopie},
	Volume = {177},
	Year = {2013}}

@article{costenoble1991fixed,
	Author = {Costenoble, Steven R and Waner, Stefan},
	Date-Added = {2017-10-20 02:05:39 +0000},
	Date-Modified = {2017-10-20 02:05:39 +0000},
	Journal = {Trans. Amer. Math. Soc.},
	Number = {2},
	Pages = {485--505},
	Title = {Fixed set systems of equivariant infinite loop spaces},
	Volume = {326},
	Year = {1991}}

@article{Deglise:2013,
	Archiveprefix = {arXiv},
	Author = {Fr{\'e}d{\'e}ric D{\'e}glise},
	Date-Added = {2017-10-20 02:05:39 +0000},
	Date-Modified = {2017-10-20 02:05:39 +0000},
	Eprint = {1005.4187},
	Journal = {Amer. J. Math.},
	Number = {2},
	Primaryclass = {math.AG},
	Title = {Orientable homotopy modules},
	Volume = {135},
	Year = {2013}}

@unpublished{deglise2015dimensional,
	Archiveprefix = {arXiv},
	Author = {Bondarko, Mikhail and D{\'e}glise, Fr{\'e}d{\'e}ric},
	Date-Added = {2017-10-20 02:05:39 +0000},
	Date-Modified = {2017-10-20 04:32:09 +0000},
	Eprint = {1512.06044},
	Primaryclass = {math.AG},
	Title = {Dimensional homotopy t-structure in motivic homotopy theory},
	Year = {2015}}

@article{DHI,
	Archiveprefix = {K-theory},
	Archiveurl = {http://www.math.uiuc.edu/K-theory},
	Author = {Daniel Dugger and Sharon Hollander and Daniel C. Isaksen},
	Date-Added = {2017-10-20 02:05:39 +0000},
	Date-Modified = {2017-10-20 02:05:39 +0000},
	Eprint = {0563},
	Journal = {Math. Proc. Cambridge Philos. Soc.},
	Number = {1},
	Pages = {9-51},
	Title = {Hypercovers and simplicial presheaves},
	Volume = {136},
	Year = {2004}}

@article{Dugger:2005,
	Archiveprefix = {arXiv},
	Author = {Daniel Dugger and Daniel C. Isaksen},
	Date-Added = {2017-10-20 02:05:39 +0000},
	Date-Modified = {2017-10-20 02:05:39 +0000},
	Eprint = {0310190},
	Journal = {Algebr. Geom. Topol.},
	Pages = {615-652},
	Primaryclass = {math.AT},
	Title = {Motivic cell structures},
	Volume = {5},
	Year = {2005}}

@article{Dugger:2010,
	Archiveprefix = {arXiv},
	Author = {Daniel Dugger and Daniel C. Isaksen},
	Date-Added = {2017-10-20 02:05:39 +0000},
	Date-Modified = {2017-10-20 02:05:39 +0000},
	Eprint = {0901.1632},
	Journal = {Geom. Topol.},
	Number = {2},
	Pages = {967-1014},
	Primaryclass = {math.AT},
	Title = {The motivic {A}dams spectral sequence},
	Volume = {14},
	Year = {2010}}

@article{dugger2004topological,
	Author = {Dugger, Daniel and Isaksen, Daniel C},
	Date-Added = {2017-10-20 02:05:39 +0000},
	Date-Modified = {2017-10-20 02:05:39 +0000},
	Journal = {Math. Z.},
	Number = {4},
	Pages = {667--689},
	Publisher = {Springer},
	Title = {Topological hypercovers and $\mathbb{A}^1$-realizations},
	Volume = {246},
	Year = {2004}}

@article{dugger2014coherence,
	Author = {Dugger, Daniel},
	Date-Added = {2017-10-20 02:05:39 +0000},
	Date-Modified = {2017-10-20 02:05:39 +0000},
	Journal = {Algebraic \& Geometric Topology},
	Number = {2},
	Pages = {1055--1106},
	Publisher = {Mathematical Sciences Publishers},
	Title = {Coherence for invertible objects and multigraded homotopy rings},
	Volume = {14},
	Year = {2014}}

@article{EGA1,
	Author = {Alexandre Grothendieck},
	Date-Added = {2017-10-20 02:05:39 +0000},
	Date-Modified = {2017-10-20 02:05:39 +0000},
	Journal = {Publ. Math. I.H.{\'E}.S.},
	Label = {EGA1},
	Title = {{\'E}l{\'e}ments de G{\'e}om{\'e}trie Alg{\'e}brique I},
	Volume = {4},
	Year = {1960}}

@article{EGA2,
	Author = {Alexandre Grothendieck},
	Date-Added = {2017-10-20 02:05:39 +0000},
	Date-Modified = {2017-10-20 02:05:39 +0000},
	Journal = {Publ. Math. I.H.{\'E}.S.},
	Title = {{\'E}l{\'e}ments de G{\'e}om{\'e}trie Alg{\'e}brique: II. {\'E}tude globale {\'e}l{\'e}mentaire de quelques classes de morphismes},
	Volume = {8},
	Year = {1961}}

@article{EGA4-1,
	Author = {Alexandre Grothendieck},
	Date-Added = {2017-10-20 02:05:39 +0000},
	Date-Modified = {2017-10-20 02:05:39 +0000},
	Journal = {Publ. Math. I.H.{\'E}.S.},
	Title = {{\'E}l{\'e}ments de {G}{\'e}om{\'e}trie {A}lg{\'e}brique: {IV.} {{\'E}}tude locale des sch{\'e}mas et des morphismes de sch{\'e}mas, {P}remi{\`e}re partie},
	Volume = {20},
	Year = {1964}}

@article{EGA4-3,
	Author = {Alexandre Grothendieck},
	Date-Added = {2017-10-20 02:05:39 +0000},
	Date-Modified = {2017-10-20 02:05:39 +0000},
	Journal = {Publ. Math. I.H.{\'E}.S.},
	Title = {{\'E}l{\'e}ments de {G}{\'e}om{\'e}trie {A}lg{\'e}brique: {IV.} {{\'E}}tude locale des sch{\'e}mas et des morphismes de sch{\'e}mas, {T}roisi{\`e}me partie},
	Volume = {28},
	Year = {1966}}

@article{EGA4-4,
	Author = {Alexandre Grothendieck},
	Date-Added = {2017-10-20 02:05:39 +0000},
	Date-Modified = {2017-10-20 02:05:39 +0000},
	Journal = {Publ. Math. I.H.{\'E}.S.},
	Title = {{\'E}l{\'e}ments de {G}{\'e}om{\'e}trie {A}lg{\'e}brique: {IV.} {{\'E}}tude locale des sch{\'e}mas et des morphismes de sch{\'e}mas, {Q}uatri{\`e}me partie},
	Volume = {32},
	Year = {1967}}

@article{EHKV,
	Author = {Dan Edidin and Brendan Hassett and Andrew Kresch and Angelo Vistoli},
	Date-Added = {2017-10-20 02:05:39 +0000},
	Date-Modified = {2017-10-20 02:05:39 +0000},
	Journal = {Amer. J. Math.},
	Number = {4},
	Pages = {761-777},
	Title = {Brauer groups and quotient stacks},
	Volume = {123},
	Year = {2001}}

@article{Elmendorf,
	Author = {Anthony D. Elmendorf},
	Date-Added = {2017-10-20 02:05:39 +0000},
	Date-Modified = {2017-10-20 02:05:39 +0000},
	Journal = {Trans. Amer. Math. Soc.},
	Number = {1},
	Pages = {275-284},
	Title = {Systems of fixed point sets},
	Volume = {277},
	Year = {1983}}

@article{Evens,
	Author = {Leonard Evens},
	Date-Added = {2017-10-20 02:05:39 +0000},
	Date-Modified = {2017-10-20 02:05:39 +0000},
	Journal = {Trans. Amer. Math. Soc.},
	Number = {1},
	Pages = {54-65},
	Title = {A generalization of the transfer map in the cohomology of groups},
	Volume = {108},
	Year = {1963}}

@article{FultonMacPherson,
	Author = {William Fulton and Robert MacPherson},
	Date-Added = {2017-10-20 02:05:39 +0000},
	Date-Modified = {2017-10-20 02:05:39 +0000},
	Journal = {Ann. Math.},
	Number = {1},
	Pages = {1-92},
	Title = {Characteristic Classes of Direct Image Bundles for Covering Maps},
	Volume = {125},
	Year = {1987}}

@article{KM,
Author = {Shane Kelly and Matthew Morrow},
Title = {$K$-theory of Valuation Rings},
Year = {2018}
}

@article{Gabber,
	Author = {Luc Illusie and Yves Laszlo and Fabrice Orgogozo},
	Date-Added = {2017-10-20 02:05:39 +0000},
	Date-Modified = {2017-10-20 02:05:39 +0000},
	Journal = {to appear in Ast{\'e}risque},
	Title = {Travaux de Gabber sur l'uniformisation locale et la cohomologie {\'e}tale des sch{\'e}mas quasi-excellents},
	Year = {2013}}

@article{GabberKelly,
	Author = {Ofer Gabber and Shane Kelly},
	Date-Added = {2017-10-20 02:05:39 +0000},
	Date-Modified = {2017-10-20 02:05:39 +0000},
	Journal = {J. Pure Appl. Algebra},
	Number = {10},
	Pages = {4667-4680},
	Title = {Points in algebraic geometry},
	Volume = {219},
	Year = {2015}}

@article{GH,
	Author = {David Gepner and Rune Haugseng},
	Date-Added = {2017-10-20 02:05:39 +0000},
	Date-Modified = {2017-10-20 02:05:39 +0000},
	Journal = {Adv. Math.},
	Pages = {575-716},
	Title = {Enriched $\infty$-categories via non-symmetric $\infty$-operads},
	Volume = {279},
	Year = {2015}}

@article{GHKS,
	Author = {W.-D. Geyer and G. Harder and M. Knebusch and W. Scharlau},
	Date-Added = {2017-10-20 02:05:39 +0000},
	Date-Modified = {2017-10-20 02:05:39 +0000},
	Journal = {Invent. Math.},
	Pages = {319-328},
	Title = {Ein Residuensatz f{\"u}r symmetrische Bilinearformen},
	Volume = {11},
	Year = {1970}}

@article{gille2015quadratic,
	Author = {Gille, Stefan},
	Date-Added = {2017-10-20 02:05:39 +0000},
	Date-Modified = {2017-10-20 02:05:39 +0000},
	Journal = {to appear in Trans. Amer. Math. Soc.},
	Title = {On quadratic forms over semilocal rings},
	Year = {2017}}

@article{GilleScullyZhong,
	Author = {Stefan Gille and Stephen Scully and Changlong Zhong},
	Date-Added = {2017-10-20 02:05:39 +0000},
	Date-Modified = {2017-10-20 02:05:39 +0000},
	Journal = {Adv. Math.},
	Pages = {729-753},
	Title = {Milnor--Witt $K$-groups of local rings},
	Volume = {286},
	Year = {2016}}

@article{glasman2016spectrum,
	Author = {Glasman, Saul},
	Date-Added = {2017-10-20 02:05:39 +0000},
	Date-Modified = {2017-10-20 02:05:39 +0000},
	Journal = {Selecta Mathematica},
	Number = {3},
	Pages = {1583--1612},
	Publisher = {Springer},
	Title = {A spectrum-level Hodge filtration on topological Hochschild homology},
	Volume = {22},
	Year = {2016}}

@article{GLL,
	Author = {Ofer Gabber and Qing Liu and Dino Lorenzini},
	Date-Added = {2017-10-20 02:05:39 +0000},
	Date-Modified = {2017-10-20 02:05:39 +0000},
	Journal = {Invent. Math.},
	Number = {3},
	Pages = {567-626},
	Title = {The index of an algebraic variety},
	Volume = {192},
	Year = {2013}}

@article{Gurski,
	Author = {Nick Gurski},
	Date-Added = {2017-10-20 02:05:39 +0000},
	Date-Modified = {2017-10-20 02:05:39 +0000},
	Journal = {Theory Appl. Categ.},
	Number = {14},
	Pages = {349-384},
	Title = {Biequivalences in tricategories},
	Volume = {26},
	Year = {2012}}

@article{Gutierrez:2012,
	Archiveprefix = {arXiv},
	Author = {Javier J. Guti{\'e}rrez and Oliver R{\"o}ndigs and Markus Spitzweck and Paul Arne {\O}stv{\ae}r},
	Date-Added = {2017-10-20 02:05:39 +0000},
	Date-Modified = {2017-10-20 02:05:39 +0000},
	Eprint = {1012.3301},
	Journal = {J. Topol.},
	Pages = {727-755},
	Primaryclass = {math.AG},
	Title = {Motivic slices and coloured operads},
	Volume = {5},
	Year = {2012}}

@article{Haesemeyer,
	Author = {Christian Haesemeyer},
	Date-Added = {2017-10-20 02:05:39 +0000},
	Date-Modified = {2017-10-20 02:05:39 +0000},
	Journal = {Duke Math. J.},
	Number = {3},
	Pages = {589-620},
	Title = {Descent properties of homotopy $K$-theory},
	Volume = {125},
	Year = {2004}}

@article{HallRydh2,
	Author = {Jack Hall and David Rydh},
	Date-Added = {2017-10-20 02:05:39 +0000},
	Date-Modified = {2017-10-20 02:05:39 +0000},
	Journal = {Indiana Univ. Math. J.},
	Number = {6},
	Pages = {1903-1923},
	Title = {Algebraic groups and compact generation of their derived categories of representations},
	Volume = {64},
	Year = {2015}}

@article{Haugseng2,
	Author = {Rune Haugseng},
	Date-Added = {2017-10-20 02:05:39 +0000},
	Date-Modified = {2017-10-20 02:24:44 +0000},
	Journal = {Algebr. Geom. Topol.},
	Number = {4},
	Pages = {1931-1982},
	Title = {Rectification of enriched $\infty$-categories},
	Volume = {15},
	Year = {2015}}

@article{Hazewinkel:1977,
	Author = {Michiel Hazewinkel},
	Date-Added = {2017-10-20 02:05:39 +0000},
	Date-Modified = {2017-10-20 02:05:39 +0000},
	Journal = {J. Pure Appl. Algebra},
	Pages = {151-161},
	Title = {Constructing formal groups {II}: the global one dimensional case},
	Volume = {9},
	Year = {1977}}

@article{HellerOrmsby,
	Author = {Jeremiah Heller and Kyle Ormsby},
	Date-Added = {2017-10-20 02:05:39 +0000},
	Date-Modified = {2017-10-20 02:05:39 +0000},
	Journal = {Trans. Amer. Math. Soc.},
	Number = {11},
	Pages = {8047-8077},
	Title = {Galois equivariance and stable motivic homotopy theory},
	Volume = {368},
	Year = {2016}}

@article{HHR,
	Author = {Michael A. Hill and Michael J. Hopkins and Douglas C. Ravenel},
	Date-Added = {2017-10-20 02:05:39 +0000},
	Date-Modified = {2017-10-20 02:05:39 +0000},
	Journal = {Ann. of Math. (2)},
	Number = {1},
	Pages = {1-262},
	Title = {On the nonexistence of elements of Kervaire invariant one},
	Volume = {184},
	Year = {2016}}

@article{hill2014equivariant,
	Author = {Hill, MA and Hopkins, MJ},
	Date-Added = {2017-10-20 02:05:39 +0000},
	Date-Modified = {2017-10-20 02:05:39 +0000},
	Journal = {Algebraic topology: applications and new directions},
	Pages = {183--199},
	Title = {Equivariant multiplicative closure},
	Volume = {620},
	Year = {2014}}

@unpublished{hill2016equivariant,
	Archiveprefix = {arXiv},
	Author = {Hill, Michael A and Hopkins, Michael J},
	Date-Added = {2017-10-20 02:05:39 +0000},
	Date-Modified = {2017-10-20 04:33:11 +0000},
	Eprint = {1610.03114},
	Primaryclass = {math.AT},
	Title = {Equivariant symmetric monoidal structures},
	Year = {2016}}

@article{Hovey:2001,
	Archiveprefix = {arXiv},
	Author = {Mark Hovey},
	Date-Added = {2017-10-20 02:05:39 +0000},
	Date-Modified = {2017-10-20 02:05:39 +0000},
	Eprint = {math/0004051},
	Journal = {J. Pure Appl. Algebra},
	Number = {1},
	Pages = {63-127},
	Primaryclass = {math.AT},
	Title = {Spectra and symmetric spectra in general model categories},
	Volume = {165},
	Year = {2001}}

@article{HoyoisMGL,
	Author = {Hoyois, Marc},
	Date-Added = {2017-10-20 02:05:39 +0000},
	Date-Modified = {2017-11-11 16:47:13 +0000},
	Journal = {J. Reine Angew. Math.},
	Pages = {173-226},
	Title = {From algebraic cobordism to motivic cohomology},
	Volume = {702},
	Year = {2015}}

@article{HS1,
	Archiveprefix = {K-theory},
	Archiveurl = {http://www.math.uiuc.edu/K-theory},
	Author = {Voevodsky, Vladimir},
	Date-Added = {2017-10-20 02:05:39 +0000},
	Date-Modified = {2017-10-20 02:05:39 +0000},
	Eprint = {0031},
	Journal = {Selecta Math. (N.S.)},
	Number = {1},
	Pages = {111-153},
	Title = {Homology of Schemes},
	Volume = {2},
	Year = {1996}}

@article{HSS,
	Author = {Marc Hoyois and Sarah Scherotzke and Nicol{\'o} Sibilla},
	Date-Added = {2017-10-20 02:05:39 +0000},
	Date-Modified = {2017-10-20 02:05:39 +0000},
	Journal = {Adv. Math.},
	Pages = {97-154},
	Title = {Higher traces, noncommutative motives, and the categorified Chern character},
	Volume = {309},
	Year = {2017}}

@article{Hu,
	Archiveprefix = {K-theory},
	Archiveurl = {http://www.math.uiuc.edu/K-theory},
	Author = {Po Hu},
	Date-Added = {2017-10-20 02:05:39 +0000},
	Date-Modified = {2017-10-20 02:05:39 +0000},
	Eprint = {0395},
	Journal = {Topology},
	Pages = {609-640},
	Title = {On the {P}icard group of the $\mathbb{A}^1$-stable homotopy category},
	Volume = {44},
	Year = {2005}}

@article{Hu:2011,
	Author = {Po Hu and Igor Kriz and Kyle Ormsby},
	Date-Added = {2017-10-20 02:05:39 +0000},
	Date-Modified = {2017-10-20 02:05:39 +0000},
	Journal = {J. K-theory},
	Number = {1},
	Pages = {55-89},
	Title = {Remarks on motivic homotopy theory over algebraically closed fields},
	Volume = {7},
	Year = {2011}}

@article{HuBC,
	Author = {Po Hu},
	Date-Added = {2017-10-20 02:05:39 +0000},
	Date-Modified = {2017-10-20 02:05:39 +0000},
	Journal = {Homology Homotopy Appl.},
	Number = {2},
	Pages = {417-451},
	Title = {Base change functors in the $\mathbb{A}^1$-stable homotopy category},
	Volume = {3},
	Year = {2001}}

@article{HuKrOr,
	Author = {Po Hu and Igor Kriz and Kyle Ormsby},
	Date-Added = {2017-10-20 02:05:39 +0000},
	Date-Modified = {2017-10-20 02:05:39 +0000},
	Journal = {Adv. Math.},
	Number = {1},
	Pages = {434-480},
	Title = {The homotopy limit problem for Hermitian K-theory, equivariant motivic homotopy theory and motivic Real cobordism},
	Volume = {228},
	Year = {2011}}

@article{HVO,
	Author = {Jeremiah Heller and Mircea Voineagu and Paul Arne {\O}stv{\ae}r},
	Date-Added = {2017-10-20 02:05:39 +0000},
	Date-Modified = {2017-10-20 02:05:39 +0000},
	Journal = {Doc. Math.},
	Pages = {269-332},
	Title = {Equivariant cycles and cancellation for motivic cohomology},
	Volume = {20},
	Year = {2015}}

@article{Illman1978,
	Author = {Illman, S{\"o}ren},
	Date-Added = {2017-10-20 02:05:39 +0000},
	Date-Modified = {2017-10-20 02:05:39 +0000},
	Journal = {Math. Ann.},
	Pages = {199-220},
	Title = {Smooth Equivariant Triangulations of $G$-Manifolds for $G$ a Finite Group},
	Url = {http://eudml.org/doc/163108},
	Volume = {233},
	Year = {1978},
	Bdsk-Url-1 = {http://eudml.org/doc/163108}}

@article{Isaksen:2001,
	Archiveprefix = {arXiv},
	Author = {Daniel C. Isaksen},
	Date-Added = {2017-10-20 02:05:39 +0000},
	Date-Modified = {2017-10-20 02:05:39 +0000},
	Eprint = {math/0106152},
	Journal = {Trans. Amer. Math. Soc.},
	Pages = {2805-2841},
	Primaryclass = {math.AT},
	Title = {A model structure on the category of pro-simplicial sets},
	Volume = {353},
	Year = {2001}}

@article{Isaksen:2004,
	Archiveprefix = {arXiv},
	Author = {Daniel C. Isaksen},
	Date-Added = {2017-10-20 02:05:39 +0000},
	Date-Modified = {2017-10-20 02:05:39 +0000},
	Eprint = {math/0106158},
	Journal = {Adv. Math.},
	Number = {1},
	Pages = {37-63},
	Primaryclass = {math.KT},
	Title = {{\'E}tale realization on $\mathbb{A}^1$-homotopy theory of schemes},
	Volume = {184},
	Year = {2004}}

@article{Isaksen:2005,
	Archiveprefix = {arXiv},
	Author = {Daniel C. Isaksen},
	Date-Added = {2017-10-20 02:05:39 +0000},
	Date-Modified = {2017-10-20 02:05:39 +0000},
	Eprint = {math/0404303},
	Journal = {Math. Z.},
	Pages = {113-143},
	Primaryclass = {math.AT},
	Title = {Completions of pro-spaces},
	Volume = {250},
	Year = {2005}}

@article{Jardine:2000,
	Author = {John F. Jardine},
	Date-Added = {2017-10-20 02:05:39 +0000},
	Date-Modified = {2017-10-20 02:05:39 +0000},
	Journal = {Doc. Math.},
	Pages = {445-552},
	Title = {Motivic symmetric spectra},
	Volume = {5},
	Year = {2000}}

@article{Jardine:2003,
	Archiveprefix = {K-theory},
	Archiveurl = {http://www.math.uiuc.edu/K-theory},
	Author = {John F. Jardine},
	Date-Added = {2017-10-20 02:05:39 +0000},
	Date-Modified = {2017-10-20 02:05:39 +0000},
	Eprint = {0461},
	Journal = {Math. Z.},
	Number = {3},
	Pages = {859-871},
	Title = {Finite group torsors for the qfh topology},
	Volume = {244},
	Year = {2003}}

@article{Joukhovitski,
	Author = {Seva Joukhovitski},
	Date-Added = {2017-10-20 02:05:39 +0000},
	Date-Modified = {2017-10-20 02:05:39 +0000},
	Journal = {K-theory},
	Number = {1},
	Pages = {1-21},
	Title = {$K$-Theory of the Weil Transfer Functor},
	Volume = {20},
	Year = {2000}}

@article{Karpenko,
	Author = {Nikita A. Karpenko},
	Date-Added = {2017-10-20 02:05:39 +0000},
	Date-Modified = {2017-10-20 02:05:39 +0000},
	Journal = {Indag. Math.},
	Number = {1},
	Pages = {73-86},
	Title = {Weil transfer of algebraic cycles},
	Volume = {11},
	Year = {2000}}

@article{Kelly,
	Author = {Shane Kelly},
	Date-Added = {2017-10-20 02:05:39 +0000},
	Date-Modified = {2017-10-20 02:05:39 +0000},
	Journal = {Compos. Math.},
	Pages = {1425-1434},
	Title = {Vanishing of negative $K$-theory in positive characteristic},
	Volume = {150},
	Year = {2014}}

@article{KO,
	Author = {Amalendu Krishna and Paul Arne {\O}stv{\ae}r},
	Date-Added = {2017-10-20 02:05:39 +0000},
	Date-Modified = {2017-10-20 02:05:39 +0000},
	Journal = {J. K-theory},
	Number = {2},
	Pages = {291-331},
	Title = {Nisnevich descent for $K$-theory of Deligne--Mumford stacks},
	Volume = {9},
	Year = {2012}}

@article{Kollar:1997,
	Archiveprefix = {arXiv},
	Author = {J{\'a}nos Koll{\'a}r},
	Date-Added = {2017-10-20 02:05:39 +0000},
	Date-Modified = {2017-10-20 02:05:39 +0000},
	Eprint = {alg-geom/9503007},
	Journal = {Ann. Math.},
	Number = {1},
	Pages = {33-79},
	Primaryclass = {math.AG},
	Title = {Quotient spaces modulo algebraic groups},
	Volume = {145},
	Year = {1997}}

@article{Krishna,
	Author = {Amalendu Krishna},
	Date-Added = {2017-10-20 02:05:39 +0000},
	Date-Modified = {2017-10-20 02:05:39 +0000},
	Journal = {J. K-theory},
	Number = {3},
	Pages = {559-603},
	Title = {Perfect complexes on Deligne--Mumford stacks and applications},
	Volume = {4},
	Year = {2009}}

@article{Lack,
	Author = {Stephen Lack},
	Date-Added = {2017-10-20 02:05:39 +0000},
	Date-Modified = {2017-10-20 02:05:39 +0000},
	Journal = {Adv. Math.},
	Pages = {179-202},
	Title = {A Coherent Approach to Pseudomonads},
	Volume = {152},
	Year = {2000}}

@article{LaszloOlsson,
	Author = {Yves Laszlo and Martin Olsson},
	Date-Added = {2017-10-20 02:05:39 +0000},
	Date-Modified = {2017-10-20 02:05:39 +0000},
	Journal = {Publ. Math. I.H.{\'E}.S.},
	Number = {1},
	Pages = {109-168},
	Title = {The six operations for sheaves on Artin stacks I: Finite coefficients},
	Volume = {107},
	Year = {2008}}

@article{Levine:2000,
	Archiveprefix = {K-theory},
	Archiveurl = {http://www.math.uiuc.edu/K-theory},
	Author = {Marc Levine},
	Date-Added = {2017-10-20 02:05:39 +0000},
	Date-Modified = {2017-10-20 02:05:39 +0000},
	Eprint = {0281},
	Journal = {K-theory},
	Number = {1},
	Pages = {1-28},
	Title = {Inverting the motivic Bott element},
	Volume = {19},
	Year = {2000}}

@article{Levine:2008,
	Archiveprefix = {arXiv},
	Author = {Marc Levine},
	Date-Added = {2017-10-20 02:05:39 +0000},
	Date-Modified = {2017-10-20 02:05:39 +0000},
	Eprint = {math/0510334},
	Journal = {J. Topol.},
	Pages = {217-267},
	Primaryclass = {math.AG},
	Title = {The homotopy coniveau tower},
	Volume = {1},
	Year = {2008}}

@article{Levine:2009,
	Archiveprefix = {arXiv},
	Author = {Marc Levine},
	Date-Added = {2017-10-20 02:05:39 +0000},
	Date-Modified = {2017-10-20 02:05:39 +0000},
	Eprint = {0807.2238},
	Journal = {J. Algebra},
	Number = {9},
	Pages = {3291-3317},
	Primaryclass = {math.KT},
	Title = {Comparison of cobordism theories},
	Volume = {322},
	Year = {2009}}

@article{LevineChow,
	Author = {Marc Levine},
	Date-Added = {2017-10-20 02:05:39 +0000},
	Date-Modified = {2017-10-20 02:05:39 +0000},
	Journal = {K-theory},
	Number = {1--2},
	Pages = {129-209},
	Title = {Chow's moving lemma and the homotopy coniveau tower},
	Volume = {36},
	Year = {2006}}

@article{May,
	Author = {J. Peter May},
	Date-Added = {2017-10-20 02:05:39 +0000},
	Date-Modified = {2017-10-20 02:05:39 +0000},
	Journal = {Adv. Math.},
	Number = {1},
	Pages = {34-73},
	Title = {The Additivity of Traces in Triangulated Categories},
	Volume = {163},
	Year = {2001}}

@article{MEMS,
	Archiveprefix = {arXiv},
	Author = {Voevodsky, Vladimir},
	Date-Added = {2017-10-20 02:05:39 +0000},
	Date-Modified = {2017-10-20 02:05:39 +0000},
	Eprint = {0805.4432},
	Journal = {Publ. Math. I.H.{\'E}.S.},
	Pages = {1-99},
	Primaryclass = {math.AG},
	Title = {Motivic {E}ilenberg--{M}acLane spaces},
	Volume = {112},
	Year = {2010}}

@article{MV,
	Archiveprefix = {K-theory},
	Archiveurl = {http://www.math.uiuc.edu/K-theory},
	Author = {Morel, Fabien and Voevodsky, Vladimir},
	Date-Added = {2017-10-20 02:05:39 +0000},
	Date-Modified = {2017-10-20 02:15:28 +0000},
	Eprint = {0305},
	Journal = {Publ. Math. I.H.{\'E}.S.},
	Pages = {45-143},
	Title = {$\mathbb{A}^1$-homotopy theory of schemes},
	Volume = {90},
	Year = {1999}}

@article{Nagata,
	Author = {Masayoshi Nagata},
	Date-Added = {2017-10-20 02:05:39 +0000},
	Date-Modified = {2017-10-20 02:05:39 +0000},
	Journal = {J. Math. Kyoto Univ.},
	Pages = {87-99},
	Title = {Complete reducibility of rational representations of a matric group},
	Volume = {1},
	Year = {1961}}

@article{Nakaoka2013237,
	Author = {Hiroyuki Nakaoka},
	Date-Added = {2017-10-20 02:05:39 +0000},
	Date-Modified = {2017-10-20 02:58:40 +0000},
	Doi = {http://dx.doi.org/10.1016/j.aim.2012.11.013},
	Issn = {0001-8708},
	Journal = {Adv. Math.},
	Keywords = {Crossed Burnside ring},
	Pages = {237 - 260},
	Title = {A generalization of the Dress construction for a Tambara functor, and its relation to polynomial Tambara functors},
	Url = {http://www.sciencedirect.com/science/article/pii/S0001870812004331},
	Volume = {235},
	Year = {2013},
	Bdsk-Url-1 = {http://www.sciencedirect.com/science/article/pii/S0001870812004331},
	Bdsk-Url-2 = {http://dx.doi.org/10.1016/j.aim.2012.11.013}}

@article{Naumann:2009,
	Archiveprefix = {arXiv},
	Author = {Niko Naumann and Markus Spitzweck and Paul Arne {\O}stv{\ae}r},
	Date-Added = {2017-10-20 02:05:39 +0000},
	Date-Modified = {2017-10-20 02:05:39 +0000},
	Eprint = {0806.0274},
	Journal = {Doc. Math.},
	Pages = {551-593},
	Primaryclass = {math.AG},
	Title = {Motivic {L}andweber Exactness},
	Volume = {14},
	Year = {2009}}

@article{NSO,
	Author = {Niko Naumann and Markus Spitzweck and Paul Arne {\O}stv{\ae}r},
	Date-Added = {2017-10-20 02:05:39 +0000},
	Date-Modified = {2017-10-20 02:05:39 +0000},
	Journal = {J. Homotopy Relat. Struct.},
	Number = {3},
	Pages = {333-346},
	Title = {Existence and uniqueness of $E_\infty$ structures on motivic $K$-theory spectra},
	Volume = {10},
	Year = {2015}}

@article{panin-witt-purity,
	Author = {Manuel Ojanguren and Ivan Panin},
	Date-Added = {2017-10-20 02:05:39 +0000},
	Date-Modified = {2017-10-20 04:40:28 +0000},
	Doi = {http://dx.doi.org/10.1016/S0012-9593(99)80009-3},
	Issn = {0012-9593},
	Journal = {Ann. Sci. {\'E}c. Norm. Sup{\'e}r.},
	Number = {1},
	Pages = {71 - 86},
	Title = {A purity theorem for the Witt group},
	Url = {http://www.sciencedirect.com/science/article/pii/S0012959399800093},
	Volume = {32},
	Year = {1999},
	Bdsk-Url-1 = {http://www.sciencedirect.com/science/article/pii/S0012959399800093},
	Bdsk-Url-2 = {http://dx.doi.org/10.1016/S0012-9593(99)80009-3}}

@article{Panin:2003,
	Author = {Ivan Panin},
	Date-Added = {2017-10-20 02:05:39 +0000},
	Date-Modified = {2017-10-20 02:05:39 +0000},
	Journal = {K-theory},
	Pages = {1-50},
	Title = {Oriented Cohomology Theories of Algebraic Varieties},
	Volume = {549},
	Year = {2003}}

@article{Panin:2008,
	Archiveprefix = {arXiv},
	Author = {Ivan Panin and Konstantin Pimenov and Oliver R{\"o}ndigs},
	Date-Added = {2017-10-20 02:05:39 +0000},
	Date-Modified = {2017-10-20 02:05:39 +0000},
	Eprint = {0709.4116},
	Journal = {Homology Homotopy Appl.},
	Number = {2},
	Pages = {211-226},
	Primaryclass = {math.AG},
	Title = {A universality theorem for {V}oevodsky's algebraic cobordism spectrum},
	Volume = {10},
	Year = {2008}}

@article{Pelaez:2013,
	Archiveprefix = {arXiv},
	Author = {Pablo Pelaez},
	Date-Added = {2017-10-20 02:05:39 +0000},
	Date-Modified = {2017-10-20 02:05:39 +0000},
	Eprint = {1002.0317},
	Journal = {J. K-theory},
	Number = {1},
	Pages = {55-71},
	Primaryclass = {math.KT},
	Title = {On the Functoriality of the Slice Filtration},
	Volume = {11},
	Year = {2013}}

@article{RiehlVerity,
	Author = {Emily Riehl and Dominic Verity},
	Date-Added = {2017-10-20 02:05:39 +0000},
	Date-Modified = {2017-10-20 02:05:39 +0000},
	Journal = {Adv. Math.},
	Pages = {802-888},
	Title = {Homotopy coherent adjunctions and the formal theory of monads},
	Volume = {286},
	Year = {2016}}

@article{RiehlVerityYoneda,
	Author = {Emily Riehl and Dominic Verity},
	Date-Added = {2017-10-20 02:05:39 +0000},
	Date-Modified = {2017-10-20 02:05:39 +0000},
	Journal = {J. Pure Appl. Algebra},
	Number = {3},
	Pages = {499-564},
	Title = {Fibrations and Yoneda's lemma in an $\infty$-cosmos},
	Volume = {221},
	Year = {2017}}

@article{Riou,
	Author = {Jo{\"e}l Riou},
	Date-Added = {2017-10-20 02:05:39 +0000},
	Date-Modified = {2017-10-20 02:05:39 +0000},
	Journal = {C. R. Math. Acad. Sci. Paris},
	Number = {6},
	Pages = {431-436},
	Title = {Dualit{\'e} de {S}panier--{W}hitehead en g{\'e}om{\'e}trie alg{\'e}brique},
	Volume = {340},
	Year = {2005}}

@article{Robalo,
	Author = {Marco Robalo},
	Date-Added = {2017-10-20 02:05:39 +0000},
	Date-Modified = {2017-10-20 02:05:39 +0000},
	Journal = {Adv. Math.},
	Pages = {399-550},
	Title = {$K$-theory and the bridge from motives to noncommutative motives},
	Volume = {269},
	Year = {2015}}

@article{Rondigs:2008,
	Author = {Oliver R{\"o}ndigs and Paul Arne {\O}stv{\ae}r},
	Date-Added = {2017-10-20 02:05:39 +0000},
	Date-Modified = {2017-10-20 02:05:39 +0000},
	Journal = {Adv. Math.},
	Number = {2},
	Pages = {689-727},
	Title = {Modules over motivic cohomology},
	Volume = {219},
	Year = {2008}}

@unpublished{rost2003multiplicative,
	Author = {Rost, Markus},
	Date-Added = {2017-10-20 02:05:39 +0000},
	Date-Modified = {2017-10-20 04:34:53 +0000},
	Note = {unpiblished},
	Title = {The multiplicative transfer for the Grothendieck--Witt ring},
	Year = {2003}}

@article{Rouquier,
	Author = {Rapha{\"e}l Rouquier},
	Date-Added = {2017-10-20 02:05:39 +0000},
	Date-Modified = {2017-10-20 02:05:39 +0000},
	Journal = {J. K-theory},
	Pages = {193-256},
	Title = {Dimensions of triangulated categories},
	Volume = {1},
	Year = {2008}}

@article{Rydh:2010,
	Archiveprefix = {arXiv},
	Author = {David Rydh},
	Date-Added = {2017-10-20 02:05:39 +0000},
	Date-Modified = {2017-10-20 02:05:39 +0000},
	Eprint = {0710.2488},
	Journal = {Bull. Soc. Math. France},
	Number = {2},
	Pages = {181-230},
	Primaryclass = {math.AG},
	Title = {Submersions and effective descent of {\'e}tale morphisms},
	Volume = {138},
	Year = {2010}}

@article{Scharlau,
	Author = {Winfried Scharlau},
	Date-Added = {2017-10-20 02:05:39 +0000},
	Date-Modified = {2017-10-20 02:05:39 +0000},
	Journal = {J. Number Theory},
	Number = {1},
	Pages = {78-97},
	Title = {Quadratic reciprocity laws},
	Volume = {4},
	Year = {1972}}

@article{Schwede:2000,
	Archiveprefix = {arXiv},
	Author = {Stefan Schwede and Brooke E. Shipley},
	Date-Added = {2017-10-20 02:05:39 +0000},
	Date-Modified = {2017-10-20 02:05:39 +0000},
	Eprint = {math/9801082},
	Journal = {Proc. London Math. Soc.},
	Number = {3},
	Pages = {491-511},
	Primaryclass = {math.AT},
	Title = {Algebras and modules in monoidal model categories},
	Volume = {80},
	Year = {2000}}

@article{schwede2014lectures,
	Author = {Schwede, Stefan},
	Date-Added = {2017-10-20 02:05:39 +0000},
	Date-Modified = {2017-10-20 02:05:39 +0000},
	Journal = {Available on the author's website},
	Title = {Lectures on equivariant stable homotopy theory},
	Year = {2014}}

@article{segal1974categories,
	Author = {Segal, Graeme},
	Date-Added = {2017-10-20 02:05:39 +0000},
	Date-Modified = {2017-10-20 02:05:39 +0000},
	Journal = {Topology},
	Number = {3},
	Pages = {293--312},
	Publisher = {Elsevier},
	Title = {Categories and cohomology theories},
	Volume = {13},
	Year = {1974}}

@article{ShaneAsterisque,
	Author = {Shane Kelly},
	Date-Added = {2017-10-20 02:05:39 +0000},
	Date-Modified = {2017-10-20 02:05:39 +0000},
	Journal = {Ast{\'e}risque},
	Title = {Voevodsky motives and $l$dh descent},
	Volume = {391},
	Year = {2017}}

@article{Spitzweck:2010,
	Archiveprefix = {arXiv},
	Author = {Markus Spitzweck},
	Date-Added = {2017-10-20 02:05:39 +0000},
	Date-Modified = {2017-10-20 02:05:39 +0000},
	Eprint = {0812.0749},
	Journal = {Homology Homotopy Appl.},
	Number = {2},
	Pages = {335-351},
	Primaryclass = {math.AG},
	Title = {Relations between slices and quotients of the algebraic cobordism spectrum},
	Volume = {12},
	Year = {2010}}

@article{Spitzweck:2012,
	Archiveprefix = {arXiv},
	Author = {Markus Spitzweck},
	Date-Added = {2017-10-20 02:05:39 +0000},
	Date-Modified = {2017-10-20 02:05:39 +0000},
	Eprint = {0805.3350},
	Journal = {J. K-theory},
	Number = {1},
	Primaryclass = {math.AT},
	Title = {Slices of motivic {L}andweber spectra},
	Volume = {9},
	Year = {2012}}

@article{SpitzweckOstvaer,
	Archiveprefix = {arXiv},
	Author = {Markus Spitzweck and Paul Arne {\O}stv{\ae}r},
	Date-Added = {2017-10-20 02:05:39 +0000},
	Date-Modified = {2017-11-12 02:16:25 +0000},
	Eprint = {1008.4915},
	Journal = {Algebr. Geom. Topol.},
	Number = {1},
	Pages = {565-599},
	Primaryclass = {math.AT},
	Title = {Motivic twisted $K$-theory},
	Volume = {12},
	Year = {2012}}

@article{Steiner,
	Author = {Richard Steiner},
	Date-Added = {2017-10-20 02:05:39 +0000},
	Date-Modified = {2017-10-20 02:05:39 +0000},
	Journal = {Proc. Edinb. Math. Soc.},
	Number = {2},
	Pages = {113-131},
	Title = {Multiplicative transfers in ordinary cohomology},
	Volume = {25},
	Year = {1982}}

@article{Sumihiro,
	Author = {Hidayesu Sumihiro},
	Date-Added = {2017-10-20 02:05:39 +0000},
	Date-Modified = {2017-10-20 02:05:39 +0000},
	Journal = {J. Math. Kyoto Univ.},
	Number = {3},
	Pages = {573-605},
	Title = {Equivariant completion II},
	Volume = {15},
	Year = {1975}}

@article{Suslin:1996,
	Archiveprefix = {K-theory},
	Archiveurl = {http://www.math.uiuc.edu/K-theory},
	Author = {Andrei Suslin and Voevodsky, Vladimir},
	Date-Added = {2017-10-20 02:05:39 +0000},
	Date-Modified = {2017-10-20 02:05:39 +0000},
	Eprint = {0032},
	Journal = {Invent. Math.},
	Number = {1},
	Pages = {69-94},
	Title = {Singular homology of abstract algebraic varieties},
	Volume = {123},
	Year = {1996}}

@article{TabuadaWeil,
	Author = {Gon{\c c}alo Tabuada},
	Date-Added = {2017-10-20 02:05:39 +0000},
	Date-Modified = {2017-10-20 02:05:39 +0000},
	Journal = {J. Algebra},
	Pages = {119-152},
	Title = {Weil transfer of noncommutative motives},
	Volume = {430},
	Year = {2015}}

@article{Thomason,
	Author = {R. W. Thomason},
	Date-Added = {2017-10-20 02:05:39 +0000},
	Date-Modified = {2017-10-20 02:05:39 +0000},
	Journal = {Adv. Math.},
	Pages = {16-34},
	Title = {Equivariant Resolution, Linearization, and Hilbert's Fourteenth Problem over Arbitrary Base Schemes},
	Volume = {65},
	Year = {1987}}

@article{ThomasonE,
	Author = {R. W. Thomason},
	Date-Added = {2017-10-20 02:05:39 +0000},
	Date-Modified = {2017-10-20 02:05:39 +0000},
	Journal = {Duke Math. J.},
	Number = {3},
	Pages = {589-636},
	Title = {Equivariant algebraic vs. topological $K$-homology Atiyah--Segal-style},
	Volume = {56},
	Year = {1988}}

@article{Toen:2007,
	Archiveprefix = {arXiv},
	Author = {Bertrand To{\"e}n and Michel Vaqui{\'e}},
	Date-Added = {2017-10-20 02:05:39 +0000},
	Date-Modified = {2017-10-20 04:40:47 +0000},
	Eprint = {math/0503269},
	Journal = {Ann. Sci. {\'E}c. Norm. Sup{\'e}r.},
	Number = {3},
	Pages = {387-444},
	Primaryclass = {math.AG},
	Title = {Moduli of objects in dg-categories},
	Volume = {40},
	Year = {2007}}

@article{ToenAzumaya,
	Author = {Bertrand To{\"e}n},
	Date-Added = {2017-10-20 02:05:39 +0000},
	Date-Modified = {2017-10-20 02:05:39 +0000},
	Journal = {Invent. Math.},
	Number = {3},
	Pages = {581-652},
	Title = {Derived Azumaya algebras and generators for twisted derived categories},
	Volume = {189},
	Year = {2012}}

@article{Totaro,
	Author = {Burt Totaro},
	Date-Added = {2017-10-20 02:05:39 +0000},
	Date-Modified = {2017-10-20 02:05:39 +0000},
	Journal = {J. reine angew. Math},
	Pages = {1-22},
	Title = {The resolution property for schemes and stacks},
	Volume = {577},
	Year = {2004}}

@article{Vezzosi:2001,
	Archiveprefix = {arXiv},
	Author = {Gabriele Vezzosi},
	Date-Added = {2017-10-20 02:05:39 +0000},
	Date-Modified = {2017-10-20 02:05:39 +0000},
	Eprint = {math/0004050},
	Journal = {Rend. Sem. Mat. Univ. Padova},
	Primaryclass = {math.AG},
	Title = {Brown--{P}eterson spectra in stable {$\mathbb A^1$}-homotopy theory},
	Volume = {106},
	Year = {2001}}

@article{Voevodsky:1998,
	Author = {Voevodsky, Vladimir},
	Date-Added = {2017-10-20 02:05:39 +0000},
	Date-Modified = {2017-10-20 02:15:24 +0000},
	Journal = {Doc. Math., Extra Volume: Proceedings of the International Congress of Mathematicians, Volume I},
	Pages = {579-604},
	Title = {$\mathbb{A}^1$-Homotopy Theory},
	Year = {1998}}

@article{Voevodsky:2002b,
	Archiveprefix = {K-theory},
	Archiveurl = {http://www.math.uiuc.edu/K-theory},
	Author = {Voevodsky, Vladimir},
	Date-Added = {2017-10-20 02:05:39 +0000},
	Date-Modified = {2017-10-20 02:05:39 +0000},
	Eprint = {0378},
	Journal = {Int. Math. Res. Notices},
	Number = {7},
	Pages = {351-355},
	Title = {Motivic Cohomology Groups Are Isomorphic to Higher Chow Groups in Any Characteristic},
	Year = {2002}}

@article{Voevodsky:2003,
	Archiveprefix = {K-theory},
	Archiveurl = {http://www.math.uiuc.edu/K-theory},
	Author = {Voevodsky, Vladimir},
	Date-Added = {2017-10-20 02:05:39 +0000},
	Date-Modified = {2017-10-20 02:05:39 +0000},
	Eprint = {0487},
	Journal = {Publ. Math. I.H.{\'E}.S.},
	Pages = {1-57},
	Title = {Reduced power operations in motivic cohomology},
	Volume = {98},
	Year = {2003}}

@article{Voevodsky:2004,
	Archiveprefix = {arXiv},
	Author = {Voevodsky, Vladimir},
	Date-Added = {2017-10-20 02:05:39 +0000},
	Date-Modified = {2017-10-20 02:05:39 +0000},
	Eprint = {0301013},
	Journal = {Proc. Steklov Inst. Math.},
	Pages = {93-102},
	Primaryclass = {math.AG},
	Title = {On the zero slice of the sphere spectrum},
	Volume = {246},
	Year = {2004}}

@article{Voevodsky:2008,
	Archiveprefix = {arXiv},
	Author = {Voevodsky, Vladimir},
	Date-Added = {2017-10-20 02:05:39 +0000},
	Date-Modified = {2017-10-20 02:05:39 +0000},
	Eprint = {0805.4430},
	Journal = {Ann. Math.},
	Number = {1},
	Pages = {401-438},
	Primaryclass = {math.AG},
	Title = {On motivic cohomology with $\mathbb{Z}/l$-coefficients},
	Volume = {174},
	Year = {2011}}

@article{Voevodsky:2010b,
	Archiveprefix = {arXiv},
	Author = {Voevodsky, Vladimir},
	Date-Added = {2017-10-20 02:05:39 +0000},
	Date-Modified = {2017-10-20 02:05:39 +0000},
	Eprint = {0805.4434},
	Journal = {J. K-theory},
	Number = {2},
	Primaryclass = {math.AG},
	Title = {Simplicial radditive functors},
	Volume = {5},
	Year = {2010}}

@article{VV,
	Author = {Voevodsky, Vladimir},
	Date-Added = {2017-10-20 02:05:39 +0000},
	Date-Modified = {2017-10-20 02:05:39 +0000},
	Journal = {Publ. Math. I.H.{\'E}.S.},
	Number = {1},
	Pages = {59-104},
	Title = {Motivic cohomology with $\mathbb{Z}/2$-coefficients},
	Volume = {98},
	Year = {2003}}

@book{Adamek:1994,
	Author = {Ji{\v r}{\'\i} Ad{\'a}mek and Ji{\v r}{\'\i} Rosick{\'y}},
	Date-Added = {2017-10-20 02:05:39 +0000},
	Date-Modified = {2017-10-20 02:05:39 +0000},
	Publisher = {Cambridge University Press},
	Title = {Locally Presentable and Accessible Categories},
	Year = {1994}}

@book{Adams:1974,
	Author = {John F. Adams},
	Date-Added = {2017-10-20 02:05:39 +0000},
	Date-Modified = {2017-10-20 02:05:39 +0000},
	Publisher = {University of Chicago Press},
	Title = {Stable homotopy and generalised homology},
	Year = {1974}}

@book{AM,
	Author = {Michael Artin and Barry Mazur},
	Date-Added = {2017-10-20 02:05:39 +0000},
	Date-Modified = {2017-10-20 02:05:39 +0000},
	Publisher = {Springer},
	Series = {Lecture Notes in Mathematics},
	Title = {{\'E}tale Homotopy},
	Volume = {100},
	Year = {1969}}

@book{BK,
	Author = {Aldridge K. Bousfield and Daniel M. Kan},
	Date-Added = {2017-10-20 02:05:39 +0000},
	Date-Modified = {2017-10-20 02:05:39 +0000},
	Publisher = {Springer},
	Title = {Homotopy Limits, Completions and Localization},
	Year = {1972}}

@book{bruner2006h,
	Author = {Bruner, Robert R and May, J Peter and McClure, James E and Steinberger, Mark},
	Date-Added = {2017-10-20 02:05:39 +0000},
	Date-Modified = {2017-10-20 02:05:39 +0000},
	Publisher = {Springer},
	Title = {$H_\infty$ ring spectra and their applications},
	Volume = {1176},
	Year = {2006}}

@book{CGP,
	Author = {Brian Conrad and Ofer Gabber and Gopal Prasad},
	Date-Added = {2017-10-20 02:05:39 +0000},
	Date-Modified = {2017-10-20 02:05:39 +0000},
	Edition = {2nd edition},
	Publisher = {Cambridge University Press},
	Series = {New Mathematical Monographs},
	Title = {Pseudo-reductive groups},
	Volume = {26},
	Year = {2015}}

@book{CrabbJames,
	Author = {Michael Crabb and Ioan James},
	Date-Added = {2017-10-20 02:05:39 +0000},
	Date-Modified = {2017-10-20 02:05:39 +0000},
	Publisher = {Springer},
	Title = {Fibrewise Homotopy Theory},
	Year = {1998}}

@book{Demazure:1970,
	Author = {Michel Demazure and Pierre Gabriel},
	Date-Added = {2017-10-20 02:05:39 +0000},
	Date-Modified = {2017-10-20 02:05:39 +0000},
	Publisher = {North-Holland},
	Title = {Groupes alg{\'e}briques},
	Year = {1970}}

@book{elmendorf2007rings,
	Author = {Elmendorf, Anthony D and Kriz, Igor and Mandell, Michael A and May, J Peter},
	Date-Added = {2017-10-20 02:05:39 +0000},
	Date-Modified = {2017-10-20 02:05:39 +0000},
	Number = {47},
	Publisher = {American Mathematical Soc.},
	Title = {Rings, modules, and algebras in stable homotopy theory},
	Year = {2007}}

@book{Farjoun:1996,
	Author = {Emmanuel D. Farjoun},
	Date-Added = {2017-10-20 02:05:39 +0000},
	Date-Modified = {2017-10-20 02:05:39 +0000},
	Publisher = {Springer},
	Series = {Lecture Notes in Mathematics},
	Title = {Cellular Spaces, Null Spaces and Homotopy Localization},
	Volume = {1622},
	Year = {1996}}

@book{Friedlander:1982,
	Author = {Eric M. Friedlander},
	Date-Added = {2017-10-20 02:05:39 +0000},
	Date-Modified = {2017-10-20 02:05:39 +0000},
	Publisher = {Princeton University Press},
	Series = {Annals of Mathematical Studies},
	Title = {{\'E}tale Homotopy of Simplicial Schemes},
	Volume = {104},
	Year = {1982}}

@book{Fulton,
	Author = {William Fulton},
	Date-Added = {2017-10-20 02:05:39 +0000},
	Date-Modified = {2017-10-20 02:05:39 +0000},
	Publisher = {Springer},
	Title = {Intersection Theory},
	Year = {1998}}

@book{GRderalg,
	Author = {D. Gaitsgory and N. Rozenblyum},
	Date-Added = {2017-10-20 02:05:39 +0000},
	Date-Modified = {2017-10-20 02:05:39 +0000},
	Title = {A study in derived algebraic geometry},
	Url = {http://www.math.harvard.edu/~gaitsgde/GL/},
	Year = {2016},
	Bdsk-Url-1 = {http://www.math.harvard.edu/~gaitsgde/GL/}}

@book{Hirschhorn:2009,
	Author = {Philip S. Hirschhorn},
	Date-Added = {2017-10-20 02:05:39 +0000},
	Date-Modified = {2017-10-20 02:05:39 +0000},
	Publisher = {AMS},
	Series = {Mathematical Surveys and Monographs},
	Title = {Model Categories and Their Localizations},
	Volume = {99},
	Year = {2009}}

@book{HM,
	Author = {Dale Husemoller and John W. Milnor},
	Date-Added = {2017-10-20 02:05:39 +0000},
	Date-Modified = {2017-10-20 02:05:39 +0000},
	Publisher = {Springer},
	Title = {Symmetric Bilinear Forms},
	Year = {1973}}

@book{Hovey:1999,
	Author = {Mark Hovey and Neil P. Strickland},
	Date-Added = {2017-10-20 02:05:39 +0000},
	Date-Modified = {2017-10-20 02:22:42 +0000},
	Publisher = {AMS},
	Series = {Mem. Amer. Math. Soc.},
	Title = {Morava $K$-theories and localisation},
	Volume = {666},
	Year = {1999}}

@book{HuEquiv,
	Author = {Po Hu},
	Date-Added = {2017-10-20 02:05:39 +0000},
	Date-Modified = {2017-10-20 02:05:39 +0000},
	Publisher = {SMF},
	Title = {Duality for Smooth Families in Equivariant Stable Homotopy Theory},
	Year = {2003}}

@book{HuSmodules,
	Author = {Po Hu},
	Date-Added = {2017-10-20 02:05:39 +0000},
	Date-Modified = {2017-10-20 02:05:39 +0000},
	Publisher = {AMS},
	Series = {Mem. Amer. Math. Soc.},
	Title = {$S$-Modules in the Category of Schemes},
	Volume = {767},
	Year = {2003}}

@book{Levine:2007,
	Author = {Marc Levine and Fabien Morel},
	Date-Added = {2017-10-20 02:05:39 +0000},
	Date-Modified = {2017-10-20 02:05:39 +0000},
	Publisher = {Springer},
	Title = {Algebraic Cobordism},
	Year = {2007}}

@book{lewis1986equivariant,
	Author = {Lewis, L Gaunce and May, J Peter and Steinberger, Mark},
	Date-Added = {2017-10-20 02:05:39 +0000},
	Date-Modified = {2017-10-20 02:05:39 +0000},
	Publisher = {Springer},
	Title = {Equivariant stable homotopy theory},
	Year = {1986}}

@book{Madsen:1979,
	Author = {Ib Henning Madsen and R. James Milgram},
	Date-Added = {2017-10-20 02:05:39 +0000},
	Date-Modified = {2017-10-20 02:05:39 +0000},
	Publisher = {Princeton University Press},
	Series = {Annals of Mathematical Studies},
	Title = {The classifying spaces for surgery and cobordism of manifolds},
	Volume = {92},
	Year = {1979}}

@book{may1996equivariant,
	Author = {May, J Peter and Piacenza, Robert John and Cole, M},
	Date-Added = {2017-10-20 02:05:39 +0000},
	Date-Modified = {2017-10-20 02:05:39 +0000},
	Number = {91},
	Publisher = {American Mathematical Soc.},
	Title = {Equivariant homotopy and cohomology theory: Dedicated to the memory of Robert J. Piacenza},
	Year = {1996}}

@book{mvw,
	Author = {Carlo Mazza and Vladimir Voevodsky and Charles Weibel},
	Date-Added = {2017-10-20 02:05:39 +0000},
	Date-Modified = {2017-10-20 02:20:40 +0000},
	Publisher = {AMS},
	Series = {Clay Mathematics Monographs},
	Title = {Lecture Notes on Motivic Cohomology},
	Volume = {2},
	Year = {2006}}

@book{Milne:1980,
	Author = {James S. Milne},
	Date-Added = {2017-10-20 02:05:39 +0000},
	Date-Modified = {2017-10-20 02:05:39 +0000},
	Publisher = {Princeton University Press},
	Title = {{\'E}tale Cohomology},
	Year = {1980}}

@book{Morel,
	Author = {Fabien Morel},
	Date-Added = {2017-10-20 02:05:39 +0000},
	Date-Modified = {2017-10-20 02:15:17 +0000},
	Publisher = {Springer},
	Series = {Lecture Notes in Mathematics},
	Title = {$\mathbb{A}^1$-Algebraic Topology over a Field},
	Volume = {2052},
	Year = {2012},
	Bdsk-Url-1 = {http://www.mathematik.uni-muenchen.de/~morel/A1TopologyLNM.pdf}}

@book{NeronModels,
	Author = {Siegfried Bosch and Werner L{\"u}tkebohmert and Michel Raynaud},
	Date-Added = {2017-10-20 02:05:39 +0000},
	Date-Modified = {2017-10-20 02:05:39 +0000},
	Publisher = {Springer},
	Title = {N{\'e}ron Models},
	Year = {1990}}

@book{Ravenel:2003,
	Author = {Douglas C. Ravenel},
	Date-Added = {2017-10-20 02:05:39 +0000},
	Date-Modified = {2017-10-20 02:05:39 +0000},
	Publisher = {AMS Chelsea Publishing},
	Title = {Complex cobordism and stable homotopy groups of spheres},
	Url = {http://www.math.rochester.edu/u/faculty/doug/mu.html},
	Year = {2003},
	Bdsk-Url-1 = {http://www.math.rochester.edu/u/faculty/doug/mu.html}}

@book{Scharlau2,
	Author = {Winfried Scharlau},
	Date-Added = {2017-10-20 02:05:39 +0000},
	Date-Modified = {2017-10-20 02:05:39 +0000},
	Publisher = {Springer},
	Title = {Quadratic and Hermitian Forms},
	Year = {1985}}

@book{Serre,
	Author = {Jean-Pierre Serre},
	Date-Added = {2017-10-20 02:05:39 +0000},
	Date-Modified = {2017-10-20 02:05:39 +0000},
	Editor = {Hermann},
	Publisher = {Publications de l'institut math{\'e}matique de l'universit{\'e} de Nancago},
	Title = {Corps locaux},
	Year = {1968}}

@book{SGA1,
	Author = {Alexandre Grothendieck and Mich{\`e}le Raynaud},
	Date-Added = {2017-10-20 02:05:39 +0000},
	Date-Modified = {2017-10-20 02:05:39 +0000},
	Publisher = {Springer},
	Series = {Lecture Notes in Mathematics},
	Title = {Rev{\^e}tements {\'e}tales et groupe fondamental},
	Volume = {223},
	Year = {1971}}

@book{SGA2,
	Archiveprefix = {arXiv},
	Author = {Alexandre Grothendieck and Mich{\`e}le Raynaud},
	Date-Added = {2017-10-20 02:05:39 +0000},
	Date-Modified = {2017-10-20 19:15:56 +0000},
	Eprint = {math/0511279},
	Primaryclass = {math.AG},
	Publisher = {North-Holland},
	Series = {Advanced Studies in Pure Mathematics},
	Title = {Cohomologie locale des faisceaux coh{\'e}rents et th{\'e}or{\`e}mes de Lefschetz locaux et globaux},
	Volume = {2},
	Year = {1968}}

@book{SGA3-1,
	Author = {Michel Demazure and Alexandre Grothendieck},
	Date-Added = {2017-10-20 02:05:39 +0000},
	Date-Modified = {2017-10-20 02:05:39 +0000},
	Publisher = {Springer},
	Series = {Lecture Notes in Mathematics},
	Title = {Propri{\'e}t{\'e}s g{\'e}n{\'e}rales des sch{\'e}mas en groupes},
	Volume = {151},
	Year = {1970}}

@book{SGA4,
	Author = {Michael Artin and Alexandre Grothendieck and Jean-Louis Verdier},
	Date-Added = {2017-10-20 02:05:39 +0000},
	Date-Modified = {2017-10-20 19:16:27 +0000},
	Publisher = {Springer},
	Series = {Lecture Notes in Mathematics},
	Title = {Th{\'e}orie des Topos et Cohomologie {\'E}tale des Sch{\'e}mas},
	Volume = {269},
	Year = {1972}}

@book{SGA4-3,
	Author = {Michael Artin and Alexandre Grothendieck and Jean-Louis Verdier},
	Date-Added = {2017-10-20 02:05:39 +0000},
	Date-Modified = {2017-10-20 02:05:39 +0000},
	Publisher = {Springer},
	Series = {Lecture Notes in Mathematics},
	Title = {Th{\'e}orie des Topos et Cohomologie {\'E}tale des Sch{\'e}mas, Tome 3},
	Volume = {305},
	Year = {1973}}

@book{SGA4.5,
	Author = {Pierre Deligne},
	Date-Added = {2017-10-20 02:05:39 +0000},
	Date-Modified = {2017-10-20 02:05:39 +0000},
	Publisher = {Springer},
	Series = {Lecture Notes in Mathematics},
	Title = {Cohomologie {\'e}tale},
	Volume = {569},
	Year = {1977}}

@book{SGA5,
	Author = {Alexandre Grothendieck},
	Date-Added = {2017-10-20 02:05:39 +0000},
	Date-Modified = {2017-10-20 19:15:51 +0000},
	Publisher = {Springer},
	Series = {Lecture Notes in Mathematics},
	Title = {Cohomologie $l$-adique et fonctions $L$},
	Volume = {589},
	Year = {1977}}

@book{Steenrod:1962,
	Author = {Norman E. Steenrod and David B. A. Epstein},
	Date-Added = {2017-10-20 02:05:39 +0000},
	Date-Modified = {2017-10-20 02:05:39 +0000},
	Publisher = {Princeton},
	Title = {Cohomology operations},
	Year = {1962}}

@book{tabuada2015noncommutative,
	Author = {Tabuada, Gon{\c{c}}alo and Giannopoulos, Apostolos and Milman, Vitali D},
	Date-Added = {2017-10-20 02:05:39 +0000},
	Date-Modified = {2017-10-20 02:05:39 +0000},
	Publisher = {American Mathematical Society Providence, RI},
	Title = {Noncommutative motives},
	Volume = {63},
	Year = {2015}}

@book{wittrings,
	Author = {Knebusch, M. and Kolster, M.},
	Date-Added = {2017-10-20 02:05:39 +0000},
	Date-Modified = {2017-10-20 02:05:39 +0000},
	Isbn = {9783528085124},
	Publisher = {Vieweg},
	Series = {Aspects of Mathematics},
	Title = {Wittrings},
	Year = {1982},
	Bdsk-Url-1 = {http://books.google.de/books?id=Rw2oAAAAIAAJ}}

@booklet{Quillen:1994,
	Author = {Daniel Quillen},
	Date-Added = {2017-10-20 02:05:39 +0000},
	Date-Modified = {2017-10-20 02:05:39 +0000},
	Howpublished = {Appendix Q in E.{} M.{} Friedlander and B.{} Mazur, ``Filtrations on the homology of algebraic varieties'', AMS},
	Title = {On the group completion of a simplicial monoid},
	Year = {1994}}

@incollection{Isaksen:2004b,
	Archiveprefix = {arXiv},
	Author = {Daniel C. Isaksen},
	Booktitle = {Categorical decomposition techniques in algebraic topology},
	Date-Added = {2017-10-20 02:05:39 +0000},
	Date-Modified = {2017-10-20 02:05:39 +0000},
	Eprint = {math/0108189},
	Pages = {179-198},
	Primaryclass = {math.AT},
	Publisher = {Birkhauser},
	Series = {Progress in Mathematics},
	Title = {Strict model structures for pro-categories},
	Volume = {215},
	Year = {2007}}

@incollection{Merkurjev,
	Author = {Alexander S. Merkurjev},
	Booktitle = {Handbook of K-theory},
	Date-Added = {2017-10-20 02:05:39 +0000},
	Date-Modified = {2017-10-20 02:05:39 +0000},
	Editor = {Eric M. Friedlander and Daniel R. Grayson},
	Publisher = {Springer},
	Title = {Equivariant K-theory},
	Year = {2005}}

@incollection{Nisnevich,
	Author = {Y. Nisnevich},
	Booktitle = {Algebraic {K}-theory: connections with geometry and topology},
	Date-Added = {2017-10-20 02:05:39 +0000},
	Date-Modified = {2017-10-20 02:05:39 +0000},
	Pages = {241-342},
	Publisher = {Kluwer Acad. Publ.},
	Title = {The completely decomposed topology on schemes and associated descent spectral sequences in algebraic {K}-theory},
	Year = {1989}}

@incollection{ThomasonK,
	Author = {R. W. Thomason},
	Booktitle = {Algebraic Topology and Algebraic K-theory},
	Date-Added = {2017-10-20 02:05:39 +0000},
	Date-Modified = {2017-10-20 02:13:24 +0000},
	Editor = {W. Browder},
	Publisher = {Princeton University Press},
	Series = {Annals of Mathematical Studies},
	Title = {Algebraic $K$-theory of group scheme actions},
	Volume = {113},
	Year = {1987}}

@incollection{TT,
	Author = {Thomason, R. W. and Trobaugh, T.},
	Booktitle = {The Grothendieck Festschrift III},
	Date-Added = {2017-10-20 02:05:39 +0000},
	Date-Modified = {2017-10-20 02:05:39 +0000},
	Pages = {247-435},
	Publisher = {Birkh{\"a}user},
	Series = {Progress in Mathematics},
	Title = {Higher algebraic {K}-theory of schemes and of derived categories},
	Volume = {88},
	Year = {1990}}

@incollection{Weibel,
	Author = {Charles A. Weibel},
	Booktitle = {Algebraic K-Theory and Number Theory},
	Date-Added = {2017-10-20 02:05:39 +0000},
	Date-Modified = {2017-10-20 02:05:39 +0000},
	Pages = {461-488},
	Publisher = {AMS},
	Series = {Contemp. Math.},
	Title = {Homotopy algebraic $K$-theory},
	Volume = {83},
	Year = {1989}}

@inproceedings{benabou1967introduction,
	Author = {B{\'e}nabou, Jean},
	Booktitle = {Reports of the midwest category seminar},
	Date-Added = {2017-10-20 02:05:39 +0000},
	Date-Modified = {2017-10-20 02:05:39 +0000},
	Organization = {Springer},
	Pages = {1--77},
	Title = {Introduction to bicategories},
	Year = {1967}}

@inproceedings{DeligneNote,
	Author = {Pierre Deligne},
	Booktitle = {Algebraic Topology},
	Date-Added = {2017-10-20 02:05:39 +0000},
	Date-Modified = {2017-10-20 02:05:39 +0000},
	Pages = {355-409},
	Publisher = {Springer},
	Title = {Voevodsky's Lectures on Motivic Cohomology 2000/2001},
	Year = {2009}}

@inproceedings{DP,
	Author = {Albrecht Dold and Dieter Puppe},
	Booktitle = {Topology (Proceedings of the Steklov Institute of Mathematics)},
	Date-Added = {2017-10-20 02:05:39 +0000},
	Date-Modified = {2017-10-20 02:05:39 +0000},
	Title = {Duality, trace and transfer},
	Year = {1984}}

@inproceedings{Friedlander:2000,
	Archiveprefix = {K-theory},
	Archiveurl = {http://www.math.uiuc.edu/K-theory},
	Author = {Eric M. Friedlander and Vladimir Voevodsky},
	Booktitle = {Cycles, transfers and motivic homology},
	Date-Added = {2017-10-20 02:05:39 +0000},
	Date-Modified = {2017-10-20 02:05:39 +0000},
	Eprint = {0075},
	Publisher = {Princeton University Press},
	Title = {Bivariant Cycle Cohomology},
	Year = {2000}}

@inproceedings{hironaka1975triangulations,
	Author = {Hironaka, Heisuke},
	Booktitle = {Algebraic geometry (Proc. Sympos. Pure Math., Vol. 29, Humboldt State Univ., Arcata, Calif., 1974)},
	Date-Added = {2017-10-20 02:05:39 +0000},
	Date-Modified = {2017-10-20 02:05:39 +0000},
	Organization = {Amer. Math. Soc. Providence, RI},
	Pages = {165--185},
	Title = {Triangulations of algebraic sets},
	Volume = {29},
	Year = {1975}}

@inproceedings{LurieElliptic,
	Author = {Jacob Lurie},
	Booktitle = {Algebraic Topology},
	Date-Added = {2017-10-20 02:05:39 +0000},
	Date-Modified = {2017-10-20 02:05:39 +0000},
	Pages = {219-277},
	Series = {Abel Symposia},
	Title = {A Survey of Elliptic Cohomology},
	Volume = {4},
	Year = {2009}}

@inproceedings{Morel:2003,
	Author = {Fabien Morel},
	Booktitle = {Contemporary Developments in Algebraic K-theory},
	Date-Added = {2017-10-20 02:05:39 +0000},
	Date-Modified = {2017-10-20 02:15:36 +0000},
	Pages = {357-441},
	Publisher = {ICTP},
	Title = {An introduction to $\mathbb{A}^1$-homotopy theory},
	Year = {2003}}

@inproceedings{NSO2,
	Archiveprefix = {arXiv},
	Author = {Niko Naumann and Markus Spitzweck and Paul Arne {\O}stv{\ae}r},
	Booktitle = {Motives and Algebraic Cycles: A Celebration in Honour of Spencer J. Bloch},
	Date-Added = {2017-10-20 02:05:39 +0000},
	Date-Modified = {2017-10-20 02:05:39 +0000},
	Eprint = {0809.0267},
	Pages = {307-317},
	Primaryclass = {math.AG},
	Publisher = {AMS},
	Series = {Fields Institute Communications},
	Title = {Chern classes, {K}-theory and {L}andweber exactness over nonregular base schemes},
	Volume = {56},
	Year = {2009}}

@inproceedings{Panin:2009,
	Archiveprefix = {arXiv},
	Author = {Ivan Panin and Konstantin Pimenov and Oliver R{\"o}ndigs},
	Booktitle = {Algebraic Topology: proceedings of thr fourth Abel Symposium},
	Date-Added = {2017-10-20 02:05:39 +0000},
	Date-Modified = {2017-10-20 02:05:39 +0000},
	Eprint = {0709.3905},
	Pages = {279-330},
	Primaryclass = {math.AG},
	Publisher = {Springer},
	Title = {On Voevodsky's Algebraic $K$-Theory Spectrum},
	Year = {2009}}

@inproceedings{Voevodsky:2002,
	Archiveprefix = {K-theory},
	Archiveurl = {http://www.math.uiuc.edu/K-theory},
	Author = {Voevodsky, Vladimir},
	Booktitle = {Motives, Polylogarithms and Hodge Theory, Part I},
	Date-Added = {2017-10-20 02:05:39 +0000},
	Date-Modified = {2017-10-20 02:05:39 +0000},
	Eprint = {0392},
	Pages = {3-34},
	Publisher = {International Press},
	Series = {Int. Press Lect. Ser.},
	Title = {Open problems in the motivic stable homotopy theory, {I}},
	Volume = {3},
	Year = {2002}}

@mastersthesis{wittkop2006multiplikative,
	Author = {Wittkop, Tobias},
	Date-Added = {2017-10-20 02:05:39 +0000},
	Date-Modified = {2017-10-20 02:05:39 +0000},
	School = {Universit{\"a}t Bielefeld},
	Title = {Die Multiplikative Quadratische Norm f{\"u}r den Grothendieck-Witt-Ring},
	Type = {Diplomarbeit},
	Year = {2006}}

@phdthesis{Cranch,
	Archiveprefix = {arXiv},
	Author = {James D. Cranch},
	Date-Added = {2017-10-20 02:05:39 +0000},
	Date-Modified = {2017-10-20 02:05:39 +0000},
	Eprint = {1011.3243},
	Primaryclass = {math.AT},
	School = {University of Sheffield},
	Title = {Algebraic theories and $(\infty,1)$-categories},
	Year = {2009}}

@phdthesis{Pelaez:2008,
	Archiveprefix = {arXiv},
	Author = {Pablo Pelaez},
	Date-Added = {2017-10-20 02:05:39 +0000},
	Date-Modified = {2017-10-20 02:05:39 +0000},
	Eprint = {0806.1704},
	Primaryclass = {math.AG},
	School = {Northeastern University},
	Title = {Multiplicative Properties of the Slice Filtration},
	Year = {2008}}

@phdthesis{ShahThesis,
	Author = {Jay Shah},
	Date-Added = {2017-10-20 02:05:39 +0000},
	Date-Modified = {2017-10-20 02:05:39 +0000},
	School = {Massachusetts Institute of Technology},
	Title = {Parametrized higher category theory},
	Url = {http://math.mit.edu/~jshah/thesis.pdf},
	Year = {2017},
	Bdsk-Url-1 = {http://math.mit.edu/~jshah/thesis.pdf}}

@phdthesis{MuraThesis,
	Author = {Maria Yakerson},
	School = {University of Duisburg-Essen},
	Title = {Motivic stable homotopy groups via framed correspondences},
	Url = {https://duepublico2.uni-due.de/receive/duepublico_mods_00070044?q=iakerson},
	Year = {2019},
	Bdsk-Url-1 = {https://duepublico2.uni-due.de/receive/duepublico_mods_00070044?q=iakerson}}

@unpublished{AHW,
	Archiveprefix = {arXiv},
	Author = {Asok, A. and Hoyois, M. and Wendt., M.},
	Date-Added = {2017-10-20 02:05:39 +0000},
	Date-Modified = {2017-10-20 02:05:39 +0000},
	Eprint = {1506.07093},
	Note = {to appear in Duke Math. J.},
	Primaryclass = {math.AG},
	Title = {Affine representability results in {${\mathbb A}^1$}-homotopy theory {I}: vector bundles},
	Year = {2016}}

@unpublished{Anschutz,
	Archiveprefix = {arXiv},
	Author = {Johannes Ansch{\"u}tz},
	Date-Added = {2017-10-20 02:05:39 +0000},
	Date-Modified = {2017-10-20 02:05:39 +0000},
	Eprint = {1506.02437},
	Primaryclass = {math.AG},
	Title = {Descent of algebraic cycles},
	Year = {2015}}

@unpublished{BarwickGlasmanShah,
	Archiveprefix = {arXiv},
	Author = {Clark Barwick and Saul Glasman and Jay Shah},
	Date-Added = {2017-10-20 02:05:39 +0000},
	Date-Modified = {2017-10-20 02:05:39 +0000},
	Eprint = {1505.03098v2},
	Primaryclass = {math.AT},
	Title = {Spectral Mackey functors and equivariant algebraic $K$-theory (II)},
	Year = {2016}}

@unpublished{BDGNS1,
	Archiveprefix = {arXiv},
	Author = {Barwick, Clark and Dotto, Emanuele and Glasman, Saul and Nardin, Denis and Shah, Jay},
	Date-Added = {2017-10-20 02:05:39 +0000},
	Date-Modified = {2017-10-20 02:05:39 +0000},
	Eprint = {1608.03657},
	Primaryclass = {math.AT},
	Title = {Parametrized higher category theory and higher algebra: Expos\'e I -- Elements of parametrized higher category theory},
	Year = {2016}}

@unpublished{BDGNS4,
	Archiveprefix = {arXiv},
	Author = {Nardin, Denis},
	Date-Added = {2017-10-20 02:05:39 +0000},
	Date-Modified = {2017-10-20 02:05:39 +0000},
	Eprint = {1608.07704v4},
	Primaryclass = {math.AT},
	Title = {Parametrized higher category theory and higher algebra: Expos\'e IV -- Stability with respect to an orbital $\infty$-category},
	Year = {2016}}

@unpublished{BDGNS9,
	Author = {Barwick, Clark and Dotto, Emanuele and Glasman, Saul and Nardin, Denis and Shah, Jay},
	Date-Added = {2017-10-20 02:05:39 +0000},
	Date-Modified = {2017-10-20 02:05:39 +0000},
	Note = {in preparation},
	Title = {Parametrized higher category theory and higher algebra: Expos\'e IX},
	Year = {2017}}

@unpublished{BDGNSintro,
	Archiveprefix = {arXiv},
	Author = {Barwick, Clark and Dotto, Emanuele and Glasman, Saul and Nardin, Denis and Shah, Jay},
	Date-Added = {2017-10-20 02:05:39 +0000},
	Date-Modified = {2017-10-20 02:05:39 +0000},
	Eprint = {1608.03657},
	Primaryclass = {math.AT},
	Title = {Parametrized higher category theory and higher algebra: A general introduction},
	Year = {2016}}

@unpublished{Bondarko:2011,
	Archiveprefix = {arXiv},
	Author = {Mikhail V. Bondarko},
	Date-Added = {2017-10-20 02:05:39 +0000},
	Date-Modified = {2017-10-20 02:05:39 +0000},
	Eprint = {1002.2651v6},
	Primaryclass = {math.AG},
	Title = {$\mathbb{Z}[1/p]$-motivic resolutions of singularities},
	Year = {2011}}

@unpublished{CarlssonJoshua,
	Archiveprefix = {arXiv},
	Author = {Gunnar Carlsson and Roy Joshua},
	Date-Added = {2017-10-20 02:05:39 +0000},
	Date-Modified = {2017-10-20 02:05:39 +0000},
	Eprint = {1404.1597v1},
	Primaryclass = {math.AT},
	Title = {Equivariant Motivic Homotopy Theory},
	Year = {2014}}

@book{CD,
	Archiveprefix = {arXiv},
	Author = {Denis-Charles Cisinski and Fr{\'e}d{\'e}ric D{\'e}glise},
	Date-Added = {2017-10-20 02:05:39 +0000},
	Date-Modified = {2019-07-03 12:08:47 +0200},
	Eprint = {0912.2110v4},
	Primaryclass = {math.AG},
	Publisher = {Springer},
	Series = {Springer Monographs in Mathematics},
	Title = {Triangulated categories of mixed motives},
	Year = {2019}}

@unpublished{lurie-tft,
	Author = {Jacob Lurie},
	Title = {On the Classification of Topological Field Theories},
	Url = {http://www.math.harvard.edu/~lurie/papers/cobordism.pdf},
	Year = {2009},
	Bdsk-Url-1 = {http://www.math.harvard.edu/~lurie/}}

@unpublished{DAG7,
	Author = {Jacob Lurie},
	Date-Added = {2017-10-20 02:05:39 +0000},
	Date-Modified = {2017-10-20 02:05:39 +0000},
	Title = {Derived Algebraic Geometry VII: Spectral Schemes},
	Url = {http://www.math.harvard.edu/~lurie/papers/DAG-VII.pdf},
	Year = {2011},
	Bdsk-Url-1 = {http://www.math.harvard.edu/~lurie/}}

@unpublished{DAG11,
	Author = {Jacob Lurie},
	Date-Added = {2017-10-20 02:05:39 +0000},
	Date-Modified = {2017-10-20 02:05:39 +0000},
	Label = {DAG11},
	Title = {Derived Algebraic Geometry XI: Descent Theorems},
	Url = {http://www.math.harvard.edu/~lurie/},
	Year = {2011},
	Bdsk-Url-1 = {http://www.math.harvard.edu/~lurie/}}

@unpublished{DAG13,
	Author = {Jacob Lurie},
	Date-Added = {2017-10-20 02:05:39 +0000},
	Date-Modified = {2017-10-20 02:05:39 +0000},
	Title = {Derived Algebraic Geometry XIII: Rational and $p$-adic Homotopy Theory},
	Url = {http://www.math.harvard.edu/~lurie/papers/DAG-XIII.pdf},
	Year = {2011},
	Bdsk-Url-1 = {http://www.math.harvard.edu/~lurie/}}

@unpublished{GepnerHenriques,
	Archiveprefix = {arXiv},
	Author = {David Gepner and Andr{\'e} Henriques},
	Date-Added = {2017-10-20 02:05:39 +0000},
	Date-Modified = {2017-10-20 02:05:39 +0000},
	Eprint = {0701916v1},
	Primaryclass = {math.AT},
	Title = {Homotopy Theory of Orbispaces},
	Year = {2007},
	Bdsk-Url-1 = {http://arxiv.org/pdf/math/0701916v1}}

@unpublished{GepnerLawson,
	Archiveprefix = {arXiv},
	Author = {David Gepner and Tyler Lawson},
	Date-Added = {2017-10-20 02:05:39 +0000},
	Date-Modified = {2017-10-20 02:05:39 +0000},
	Eprint = {1607.01118v1},
	Primaryclass = {math.AT},
	Title = {Brauer groups and Galois cohomology of commutative ring spectra},
	Year = {2016}}

@unpublished{GHN,
	Archiveprefix = {arXiv},
	Author = {David Gepner and Rune Haugseng and Thomas Nikolaus},
	Date-Added = {2017-10-20 02:05:39 +0000},
	Date-Modified = {2017-10-20 02:05:39 +0000},
	Eprint = {1501.02161},
	Primaryclass = {math.CT},
	Title = {Lax colimits and free fibrations in $\infty$-categories},
	Year = {2015}}

@unpublished{GK,
	Archiveprefix = {arXiv},
	Author = {David Gepner and Joachim Kock},
	Date-Added = {2017-10-20 02:05:39 +0000},
	Date-Modified = {2017-10-20 02:05:39 +0000},
	Eprint = {1208.1749v3},
	Primaryclass = {math.CT},
	Title = {Univalence in locally cartesian closed $\infty$-categories}}

@unpublished{GlasmanGoodwillie,
	Archiveprefix = {arXiv},
	Author = {Saul Glasman},
	Date-Added = {2017-10-20 02:05:39 +0000},
	Date-Modified = {2018-05-17 21:34:01 +0000},
	Eprint = {1610.03127v2},
	Primaryclass = {math.AT},
	Title = {Goodwillie calculus and Mackey functors},
	Year = {2016}}

@unpublished{Gross,
	Archiveprefix = {arXiv},
	Author = {Philipp Gross},
	Date-Added = {2017-10-20 02:05:39 +0000},
	Date-Modified = {2017-10-20 02:05:39 +0000},
	Eprint = {1306.5418v2},
	Primaryclass = {math.AG},
	Title = {Tensor generators on schemes and stacks},
	Year = {2015}}

@unpublished{GuillouMay,
	Archiveprefix = {arXiv},
	Author = {Bert Guillou and J. Peter May},
	Date-Added = {2017-10-20 02:05:39 +0000},
	Date-Modified = {2017-10-20 02:05:39 +0000},
	Eprint = {1110.3571v4},
	Primaryclass = {math.AT},
	Title = {Models of $G$-spectra as presheaves of spectra},
	Year = {2017}}

@unpublished{HallRydh1,
	Archiveprefix = {arXiv},
	Author = {Jack Hall and David Rydh},
	Date-Added = {2017-10-20 02:05:39 +0000},
	Date-Modified = {2017-10-20 02:05:39 +0000},
	Eprint = {1405.1887v2},
	Primaryclass = {math.AG},
	Title = {Perfect complexes on algebraic stacks},
	Year = {2015}}

@unpublished{HeKrOs,
	Archiveprefix = {arXiv},
	Author = {Jeremiah Heller and Amalendu Krishna and Paul Arne {\O}stv{\ae}r},
	Date-Added = {2017-10-20 02:05:39 +0000},
	Date-Modified = {2017-10-20 02:05:39 +0000},
	Eprint = {1408.2348v1},
	Note = {to appear in J.~Topol.},
	Primaryclass = {math.AT},
	Title = {Motivic homotopy theory of group scheme actions},
	Year = {2014}}

@unpublished{HellerTalk,
	Author = {Jeremiah Heller},
	Date-Added = {2017-10-20 02:05:39 +0000},
	Date-Modified = {2017-10-20 02:05:39 +0000},
	Month = {May},
	Note = {talk at the conference ``Equivariant and motivic homotopy theory'', Reed College},
	Title = {Endomorphisms of the equivariant motivic sphere},
	Year = {2015}}

@unpublished{Herrmann,
	Archiveprefix = {arXiv},
	Author = {Philip Herrmann},
	Date-Added = {2017-10-20 02:05:39 +0000},
	Date-Modified = {2017-10-20 02:05:39 +0000},
	Eprint = {1312.0241v1},
	Primaryclass = {math.AT},
	Title = {Equivariant Motivic Homotopy Theory},
	Year = {2013}}

@unpublished{HerrmannThesis,
	Author = {Philip Herrmann},
	Date-Added = {2017-10-20 02:05:39 +0000},
	Date-Modified = {2017-10-20 02:05:39 +0000},
	Note = {Ph.D. Thesis},
	Title = {Stable Equivariant Motivic Homotopy Theory and Motivic Borel Cohomology},
	Year = {2012}}

@unpublished{HKO:2013,
	Author = {Marc Hoyois and Shane Kelly and Paul Arne {\O}stv{\ae}r},
	Date-Added = {2017-10-20 02:05:39 +0000},
	Date-Modified = {2017-10-20 02:05:39 +0000},
	Note = {in preparation},
	Title = {The motivic {S}teenrod algebra in positive characteristic},
	Year = {2013}}

@unpublished{Hornbostel:2011,
	Archiveprefix = {arXiv},
	Author = {Jens Hornbostel},
	Date-Added = {2017-10-20 02:05:39 +0000},
	Date-Modified = {2017-10-20 02:05:39 +0000},
	Eprint = {1005.4546},
	Primaryclass = {math.KT},
	Title = {Preorientations of the derived motivic multiplicative group},
	Year = {2011}}

@unpublished{HoyoisCdh,
	Archiveprefix = {arXiv},
	Author = {Hoyois, Marc},
	Date-Added = {2017-10-20 02:05:39 +0000},
	Date-Modified = {2018-05-17 21:35:05 +0000},
	Eprint = {1604.06410v3},
	Primaryclass = {math.KT},
	Title = {Cdh descent in equivariant homotopy $K$-theory},
	Year = {2017}}

@unpublished{HoyoisGalois,
	Archiveprefix = {arXiv},
	Author = {Hoyois, Marc},
	Date-Added = {2017-10-20 02:05:39 +0000},
	Date-Modified = {2017-11-11 16:47:04 +0000},
	Eprint = {1506.07155},
	Note = {to appear in J. Pure Appl. Algebra},
	Primaryclass = {math.CT},
	Title = {Higher Galois theory},
	Year = {2017}}

@unpublished{Illusie:2009,
	Author = {Luc Illusie},
	Date-Added = {2017-10-20 02:05:39 +0000},
	Date-Modified = {2017-10-20 02:05:39 +0000},
	Note = {Talks at the University of Tokyo, January 2008},
	Title = {On Gabber's refined uniformization},
	Url = {http://www.math.u-psud.fr/~illusie/refined_uniformization3.pdf},
	Year = {2009},
	Bdsk-Url-1 = {http://www.math.u-psud.fr/~illusie/refined_uniformization3.pdf}}

@unpublished{KerzStrunk,
	Archiveprefix = {arXiv},
	Author = {Moritz Kerz and Florian Strunk},
	Date-Added = {2017-10-20 02:05:39 +0000},
	Date-Modified = {2017-10-20 02:05:39 +0000},
	Eprint = {1601.08075v1},
	Primaryclass = {math.AG},
	Title = {On the vanishing of negative homotopy $K$-theory},
	Year = {2016}}

@unpublished{KrishnaRavi,
	Archiveprefix = {arXiv},
	Author = {Amalendu Krishna and Charanya Ravi},
	Date-Added = {2017-10-20 02:05:39 +0000},
	Date-Modified = {2017-10-20 02:05:39 +0000},
	Eprint = {1509.05147v1},
	Primaryclass = {math.AG},
	Title = {On the $K$-theory of schemes with group scheme actions},
	Year = {2015}}

@unpublished{Levine:2013,
	Archiveprefix = {arXiv},
	Author = {Marc Levine},
	Date-Added = {2017-10-20 02:05:39 +0000},
	Date-Modified = {2017-10-20 02:05:39 +0000},
	Eprint = {1201.0283v4},
	Primaryclass = {math.AG},
	Title = {A comparison of motivic and classical homotopy theories},
	Year = {2013}}

@unpublished{LiuZheng2,
	Archiveprefix = {arXiv},
	Author = {Yifeng Liu and Weizhe Zheng},
	Date-Added = {2017-10-20 02:05:39 +0000},
	Date-Modified = {2017-10-20 02:05:39 +0000},
	Eprint = {1211.5948v2},
	Primaryclass = {math.AG},
	Title = {Enhanced six operations and base change theorem for Artin stacks},
	Year = {2014}}

@unpublished{Lurie:2010,
	Author = {Jacob Lurie},
	Date-Added = {2017-10-20 02:05:39 +0000},
	Date-Modified = {2017-10-20 02:05:39 +0000},
	Note = {Course notes},
	Title = {Chromatic Homotopy Theory},
	Url = {http://www.math.harvard.edu/~lurie/252x.html},
	Year = {2010},
	Bdsk-Url-1 = {http://www.math.harvard.edu/~lurie/252x.html}}

@unpublished{LurieGoodwillie,
	Author = {Jacob Lurie},
	Date-Added = {2017-10-20 02:05:39 +0000},
	Date-Modified = {2017-10-20 02:05:39 +0000},
	Title = {$(\infty,2)$-Categories and the Goodwillie Calculus I},
	Url = {http://www.math.harvard.edu/~lurie/papers/GoodwillieI.pdf},
	Year = {2009},
	Bdsk-Url-1 = {http://www.math.harvard.edu/~lurie/papers/GoodwillieI.pdf}}

@unpublished{LZ,
	Archiveprefix = {arXiv},
	Author = {Yifeng Liu and Weizhe Zheng},
	Date-Added = {2017-10-20 02:05:39 +0000},
	Date-Modified = {2017-10-20 02:05:39 +0000},
	Eprint = {1211.5294v4},
	Primaryclass = {math.CT},
	Title = {Gluing restricted nerves of $\infty$-categories},
	Year = {2014}}

@unpublished{Milne,
	Author = {James S. Milne},
	Date-Added = {2017-10-20 02:05:39 +0000},
	Date-Modified = {2017-10-20 02:05:39 +0000},
	Title = {Lectures on {\'E}tale Cohomology},
	Url = {http://www.jmilne.org/math/CourseNotes/lec.html},
	Year = {2013},
	Bdsk-Url-1 = {http://www.jmilne.org/math/CourseNotes/lec.html}}

@unpublished{NikolausSagave,
	Archiveprefix = {arXiv},
	Author = {Thomas Nikolaus and Steffen Sagave},
	Date-Added = {2017-10-20 02:05:39 +0000},
	Date-Modified = {2017-10-20 02:05:39 +0000},
	Eprint = {1506.01475v2},
	Primaryclass = {math.AT},
	Title = {Presentably symmetric monoidal $\infty$-categories are represented by symmetric monoidal model categories},
	Year = {2015}}

@unpublished{PaninWalter,
	Archiveprefix = {arXiv},
	Author = {Ivan Panin and Charles Walter},
	Date-Added = {2017-10-20 02:05:39 +0000},
	Date-Modified = {2017-10-20 02:05:39 +0000},
	Eprint = {1011.0651},
	Primaryclass = {math.AG},
	Title = {On the algebraic cobordism spectra MSL and MSp},
	Year = {2010}}

@unpublished{RobaloThesis,
	Author = {Marco Robalo},
	Date-Added = {2017-10-20 02:05:39 +0000},
	Date-Modified = {2017-10-20 02:05:39 +0000},
	Note = {Ph.D. Thesis},
	Title = {Th{\'e}orie Homotopique Motivique des Espaces Noncommutatifs},
	Url = {http://webusers.imj-prg.fr/~marco.robalo/these.pdf},
	Year = {2014},
	Bdsk-Url-1 = {http://webusers.imj-prg.fr/~marco.robalo/these.pdf}}

@unpublished{Rydh:2012,
	Archiveprefix = {arXiv},
	Author = {David Rydh},
	Date-Added = {2017-10-20 02:05:39 +0000},
	Date-Modified = {2017-10-20 02:05:39 +0000},
	Eprint = {0708.3333v2},
	Primaryclass = {math.AG},
	Title = {Existence and properties of geometric quotients},
	Year = {2012}}

@unpublished{SchmidtStrunk,
	Archiveprefix = {arXiv},
	Author = {Johannes Schmidt and Florian Strunk},
	Date-Added = {2017-10-20 02:05:39 +0000},
	Date-Modified = {2017-10-20 02:05:39 +0000},
	Eprint = {1602.08356v3},
	Note = {to appear in Ann. K-Theory},
	Primaryclass = {math.AG},
	Title = {Stable $\mathbb A^1$-connectivity over Dedekind schemes},
	Year = {2016}}

@article{geisser-dedekind,
  AUTHOR = {Geisser, Thomas},
     TITLE = {Motivic cohomology over {D}edekind rings},
   JOURNAL = {Math. Z.},
  FJOURNAL = {Mathematische Zeitschrift},
    VOLUME = {248},
      YEAR = {2004},
    NUMBER = {4},
     PAGES = {773--794},
      ISSN = {0025-5874},
   MRCLASS = {14F42 (14G40)},
  MRNUMBER = {2103541},
MRREVIEWER = {Vladimir I. Guletski\u{\i}},
       DOI = {10.1007/s00209-004-0680-x},
       URL = {https://doi.org/10.1007/s00209-004-0680-x},
}

@unpublished{Schwede,
	Author = {Stefan Schwede},
	Date-Added = {2017-10-20 02:05:39 +0000},
	Date-Modified = {2017-10-20 02:05:39 +0000},
	Title = {Global homotopy theory},
	Url = {http://www.math.uni-bonn.de/people/schwede/global.pdf},
	Year = {2017},
	Bdsk-Url-1 = {http://www.math.uni-bonn.de/people/schwede/global.pdf}}

@unpublished{SGA3-2,
	Author = {Michel Demazure and Alexandre Grothendieck},
	Date-Added = {2017-10-20 02:05:39 +0000},
	Date-Modified = {2017-10-20 02:05:39 +0000},
	Note = {SGA 3, revised version},
	Title = {Groupes de Type Multiplicatif, et Structure des Sch{\'e}mas en Groupes G{\'e}n{\'e}raux}}

@article{SpitzweckHZ,
	Archiveprefix = {arXiv},
	Author = {Markus Spitzweck},
	Date-Added = {2017-10-20 02:05:39 +0000},
	Date-Modified = {2019-07-07 11:06:30 +0200},
	Eprint = {1207.4078},
	Journal = {M{\'e}m. Soc. Math. Fr.},
	Primaryclass = {math.AG},
	Title = {A commutative $\mathbb{P}^1$-spectrum representing motivic cohomology over {D}edekind domains},
	Volume = {157},
	Year = {2018}}

@unpublished{SpitzweckP,
	Archiveprefix = {arXiv},
	Author = {Markus Spitzweck},
	Date-Added = {2017-10-20 02:05:39 +0000},
	Date-Modified = {2017-10-20 02:05:39 +0000},
	Eprint = {0907.1510},
	Primaryclass = {math.AG},
	Title = {Periodizable motivic ring spectra},
	Year = {2009}}

@unpublished{stacks,
	Author = {{The Stacks Project Authors}},
	Date-Added = {2017-10-20 02:05:39 +0000},
	Date-Modified = {2017-10-20 02:27:21 +0000},
	Label = {Stacks},
	Title = {The Stacks Project},
	Url = {http://stacks.math.columbia.edu},
	Year = {2017},
	Bdsk-Url-1 = {http://stacks.math.columbia.edu}}

@unpublished{Voevodsky:1996,
	Archiveprefix = {K-theory},
	Archiveurl = {http://www.math.uiuc.edu/K-theory},
	Author = {Voevodsky,Vladimir},
	Date-Added = {2017-10-20 02:05:39 +0000},
	Date-Modified = {2017-10-20 02:05:39 +0000},
	Eprint = {0170},
	Title = {The Milnor Conjecture},
	Year = {1996}}

@unpublished{Wendt:2012,
	Archiveprefix = {arXiv},
	Author = {Matthias Wendt},
	Date-Added = {2017-10-20 02:05:39 +0000},
	Date-Modified = {2017-10-20 02:05:39 +0000},
	Eprint = {1012.0454v2},
	Primaryclass = {math.AT},
	Title = {More examples of motivic cell structures},
	Year = {2012}}

@unpublished{norms,
	Archiveprefix = {arXiv},
	Author = {Bachmann, Tom and Hoyois, Marc},
	Date-Modified = {2018-08-24 19:07:45 -0700},
	Eprint = {1711.03061v4},
	Primaryclass = {math.AG},
	Title = {Norms in motivic homotopy theory},
	Year = {2018}}

@article{ferrand,
	Author = {Daniel Ferrand},
	Date-Added = {2017-07-27 21:05:25 +0000},
	Date-Modified = {2017-07-27 21:06:41 +0000},
	Journal = {Bull. Soc. Math. France},
	Number = {4},
	Pages = {553-585},
	Title = {Conducteur, descente et pincement},
	Volume = {131},
	Year = {2003}}

@unpublished{MWvsFramed,
	Archiveprefix = {arXiv},
	Author = {Alexei Ananyevskiy and Alexander Neshitov},
	Date-Added = {2017-03-19 12:45:52 +0000},
	Date-Modified = {2018-05-14 22:39:23 +0000},
	Eprint = {1710.07412v2},
	Primaryclass = {math.AG},
	Title = {Framed and MW-transfers for homotopy modules},
	Year = {2018}}

@incollection{deglise2007correspondences,
	Author = {D{\'e}glise, Fr{\'e}d{\'e}ric},
	Booktitle = {Algebraic cycles and motives. {V}ol. 1},
	Date-Modified = {2017-10-20 04:51:04 +0000},
	Doi = {10.1017/CBO9780511721496.005},
	Mrclass = {14F42 (14C17 14C25)},
	Mrnumber = {2385302},
	Mrreviewer = {Oliver R{\"o}ndigs},
	Pages = {138--205},
	Publisher = {Cambridge Univ. Press, Cambridge},
	Series = {London Math. Soc. Lecture Note Ser.},
	Title = {Finite correspondences and transfers over a regular base},
	Volume = {343},
	Year = {2007},
	Bdsk-Url-1 = {http://dx.doi.org/10.1017/CBO9780511721496.005}}

@unpublished{levine2013algebraic,
	Archiveprefix = {arXiv},
	Author = {Levine, Marc and Yang, Yaping and Zhao, Gufang},
	Date-Modified = {2017-10-20 04:33:31 +0000},
	Eprint = {1311.2159},
	Primaryclass = {math.AG},
	Title = {Algebraic elliptic cohomology theory and flops, I},
	Year = {2013}}

@article{blumberg2013universal,
	Author = {Blumberg, Andrew J and Gepner, David and Tabuada, Gon{\c{c}}alo},
	Date-Modified = {2017-11-12 02:16:41 +0000},
	Journal = {Geom. Topol.},
	Number = {2},
	Pages = {733--838},
	Publisher = {Mathematical Sciences Publishers},
	Title = {A universal characterization of higher algebraic $K$-theory},
	Volume = {17},
	Year = {2013}}

@unpublished{rondigs2016grothendieck,
	Archiveprefix = {arXiv},
	Author = {R{\"o}ndigs, Oliver},
	Date-Modified = {2017-10-20 04:34:41 +0000},
	Eprint = {1611.09327},
	Primaryclass = {math.KT},
	Title = {The Grothendieck ring of varieties and algebraic $K$-theory of spaces},
	Year = {2016}}

@article{boyer1993algebraic,
	Author = {Boyer, Charles P and Lawson, H Blaine and Lima-Filho, Paulo and Mann, Benjamin M and Michelsohn, Marie-Louise},
	Journal = {Inventiones mathematicae},
	Number = {1},
	Pages = {373--388},
	Publisher = {Springer},
	Title = {Algebraic cycles and infinite loop spaces},
	Volume = {113},
	Year = {1993}}

@article{segal1975multiplicative,
	Author = {Segal, Graeme},
	Journal = {The Quarterly Journal of Mathematics},
	Number = {1},
	Pages = {289--293},
	Publisher = {Oxford Univ Press},
	Title = {The multiplicative group of classical cohomology},
	Volume = {26},
	Year = {1975}}

@unpublished{neshitov2017framed,
	Author = {Alexander Neshitov},
	Date-Modified = {2017-10-20 04:41:41 +0000},
	Note = {Unpublished note},
	Title = {Framed correspondences and trivialization of normal sheaf},
	Year = {2017}}

@unpublished{garkusha2014framed,
	Archiveprefix = {arXiv},
	Author = {Garkusha, Grigory and Panin, Ivan},
	Date-Modified = {2018-03-05 23:47:55 +0000},
	Eprint = {1409.4372v4},
	Primaryclass = {math.KT},
	Title = {Framed motives of algebraic varieties (after V. Voevodsky)},
	Year = {2018}}

@unpublished{agp,
	Archiveprefix = {arXiv},
	Author = {Alexei Ananyevskiy and Grigory Garkusha and Ivan Panin},
	Date-Modified = {2018-03-05 23:48:34 +0000},
	Eprint = {1601.06642v2},
	Primaryclass = {math.KT},
	Title = {Cancellation theorem for framed motives of algebraic varieties},
	Year = {2018}}

@unpublished{hitr,
	Archiveprefix = {arXiv},
	Author = {Garkusha, Grigory and Panin, Ivan},
	Date-Modified = {2018-03-05 23:48:17 +0000},
	Eprint = {1504.00884v3},
	Primaryclass = {math.AG},
	Title = {Homotopy invariant presheaves with framed transfers},
	Year = {2018}}

@unpublished{gnp,
	Archiveprefix = {arXiv},
	Author = {Garkusha, Grigory and Neshitov, Alexander and Panin, Ivan},
	Date-Modified = {2018-03-05 23:48:46 +0000},
	Eprint = {1604.02732v3},
	Primaryclass = {math.KT},
	Title = {Framed motives of relative motivic spheres},
	Year = {2018}}

@unpublished{deglise2017bivariant,
	Archiveprefix = {arXiv},
	Author = {D{\'e}glise, Fr{\'e}d{\'e}ric},
	Date-Modified = {2017-10-20 04:31:25 +0000},
	Eprint = {1705.01528},
	Primaryclass = {math.AG},
	Title = {Bivariant theories in motivic stable homotopy},
	Year = {2017}}

@inproceedings{DegliseOrientation,
	Archiveprefix = {arXiv},
	Author = {D{\'e}glise, Fr{\'e}d{\'e}ric},
	Booktitle = {$K$-theory},
	Date-Modified = {2019-07-15 15:16:01 +0200},
	Editor = {V. Srinivas and S. K. Roushon and Ravi A. Rao and A. J. Parameswaran and A. Krishna},
	Eprint = {1111.4203},
	Pages = {241-350},
	Primaryclass = {math.AG},
	Series = {Tata Institute of Fundamental Research Publications},
	Title = {Orientation theory in arithmetic geometry},
	Volume = {19},
	Year = {2018}}

@book{fulton1981categorical,
	Author = {Fulton, William and MacPherson, Robert},
	Publisher = {American Mathematical Soc.},
	Title = {Categorical framework for the study of singular spaces},
	Volume = {243},
	Year = {1981}}

@article{arinkin2015singular,
	Author = {Arinkin, Dima and Gaitsgory, Dennis},
	Journal = {Selecta Mathematica},
	Number = {1},
	Pages = {1--199},
	Publisher = {Springer},
	Title = {Singular support of coherent sheaves and the geometric {L}anglands conjecture},
	Volume = {21},
	Year = {2015}}

@unpublished{voevodsky2001notes,
	Author = {Voevodsky, Vladimir},
	Date-Modified = {2017-10-20 04:46:56 +0000},
	Note = {unpublished},
	Title = {Notes on framed correspondences},
	Url = {http://www.math.ias.edu/vladimir/files/framed.pdf},
	Year = {2001},
	Bdsk-Url-1 = {http://www.math.ias.edu/vladimir/files/framed.pdf}}

@article{ahwii,
	Author = {Aravind Asok and Marc Hoyois and Matthias Wendt},
	Date-Modified = {2017-10-20 02:15:32 +0000},
	Eprint = {arXiv:1507.08020},
	Title = {Affine representability results in $\mathbb{A}^1$-homotopy theory II: principal bundles and homogeneous spaces},
	Year = {2015}}

@article{morel-connectivity,
	Author = {Fabien Morel},
	Date-Modified = {2017-11-11 16:48:20 +0000},
	Doi = {10.1007/s10977-005-1562-7},
	Fjournal = {$K$-Theory. An Interdisciplinary Journal for the Development, Application, and Influence of $K$-Theory in the Mathematical Sciences},
	Issn = {0920-3036},
	Journal = {K-Theory},
	Mrclass = {14F35 (19E20 19G12)},
	Mrnumber = {2240215},
	Mrreviewer = {Oliver R\~A\P ndigs},
	Number = {1-2},
	Pages = {1--68},
	Title = {The stable {${\mathbb A}^1$}-connectivity theorems},
	Volume = {35},
	Year = {2005},
	Bdsk-Url-1 = {http://dx.doi.org/10.1007/s10977-005-1562-7}}

@article{barwick-glasman,
	Author = {Clark Barwick and Saul Glasman},
	Eprint = {arXiv:1602.02163},
	Title = {Cyclonic spectra, cyclotomic spectra, and a conjecture of Kaledin},
	Year = {2016}}

@book{matsumura,
	Author = {Matsumura, Hideyuki},
	Publisher = {Cambridge Studies in Advanced Mathematics},
	Title = {Commutative ring theory},
	Volume = {8},
	Year = {1989}}

@article{hoyois-sixops,
	Author = {Hoyois, Marc},
	Date-Modified = {2017-10-20 04:56:12 +0000},
	Doi = {10.1016/j.aim.2016.09.031},
	Fjournal = {Advances in Mathematics},
	Issn = {0001-8708},
	Journal = {Adv. Math.},
	Mrclass = {14F42 (55P91)},
	Mrnumber = {3570135},
	Mrreviewer = {Jeremiah Ben Heller},
	Pages = {197--279},
	Title = {The six operations in equivariant motivic homotopy theory},
	Volume = {305},
	Year = {2017},
	Bdsk-Url-1 = {http://dx.doi.org/10.1016/j.aim.2016.09.031}}

@article{haugseng,
	Archiveprefix = {arXiv},
	Author = {Haugseng, Rune},
	Date-Modified = {2019-07-06 13:42:10 +0200},
	Eprint = {1409.0837},
	Journal = {Math. Z.},
	Number = {3},
	Pages = {1427-1488},
	Primaryclass = {math.AT},
	Title = {Iterated spans and classical topological field theories},
	Volume = {289},
	Year = {2018}}

@article{rezk-css,
	Author = {Rezk, Charles},
	Date-Modified = {2017-10-20 04:48:12 +0000},
	Doi = {10.1090/S0002-9947-00-02653-2},
	Fjournal = {Transactions of the American Mathematical Society},
	Issn = {0002-9947},
	Journal = {Trans. Amer. Math. Soc.},
	Mrclass = {55U35 (18G30)},
	Mrnumber = {1804411},
	Mrreviewer = {Brooke E. Shipley},
	Number = {3},
	Pages = {973--1007},
	Title = {A model for the homotopy theory of homotopy theory},
	Volume = {353},
	Year = {2001},
	Bdsk-Url-1 = {http://dx.doi.org/10.1090/S0002-9947-00-02653-2}}

@book{voevodsky-2000,
	Author = {Voevodsky, Vladimir and Suslin, Andrei and Friedlander, Eric M.},
	Date-Modified = {2017-11-13 18:23:06 +0000},
	Isbn = {0-691-04814-2; 0-691-04815-0},
	Mrclass = {14F42 (14C25 19E15)},
	Mrnumber = {1764197},
	Mrreviewer = {Spencer J. Bloch},
	Pages = {vi+254},
	Publisher = {Princeton University Press, Princeton, NJ},
	Series = {Annals of Mathematics Studies},
	Title = {Cycles, transfers, and motivic homology theories},
	Volume = {143},
	Year = {2000}}

@article{Deglise:2017aa,
	Author = {Fr{\'e}d{\'e}ric D{\'e}glise and Jean Fasel},
	Date-Added = {2017-10-23 03:42:24 +0000},
	Date-Modified = {2017-10-23 03:42:24 +0000},
	Eprint = {1708.06102},
	Month = {08},
	Title = {The Milnor-Witt motivic ring spectrum and its associated theories},
	Url = {https://arxiv.org/abs/1708.06102},
	Year = {2017},
	Bdsk-Url-1 = {https://arxiv.org/abs/1708.06102}}

@article{voevodsky-cancel,
	Author = {Voevodsky, Vladimir},
	Date-Modified = {2017-10-20 04:47:20 +0000},
	Fjournal = {Documenta Mathematica},
	Issn = {1431-0635},
	Journal = {Doc. Math., Extra Volume: Alexander S. Merkurjev's Sixtieth Birthday},
	Mrclass = {14F42 (19E15)},
	Mrnumber = {2804268},
	Mrreviewer = {Oliver R{\"o}ndigs},
	Pages = {671--685},
	Title = {Cancellation theorem},
	Year = {2010}}

@article{mv99,
	Author = {Voevodsky, Vladimir},
	Date = {1999},
	Issn = {0073-8301},
	Journal = {Inst. Hautes \'{E}tudes Sci. Publ. Math.},
	Number = {90},
	Pages = {45--143},
	Title = {${\bf A}^{1}$-homotopy theory of schemes}}

@article{voevodsky-modell,
	Author = {Voevodsky, Vladimir},
	Doi = {10.4007/annals.2011.174.1.11},
	Fjournal = {Annals of Mathematics. Second Series},
	Issn = {0003-486X},
	Journal = {Ann. of Math. (2)},
	Mrclass = {14F42 (19D45)},
	Mrnumber = {2811603},
	Mrreviewer = {Matthias Wendt},
	Number = {1},
	Pages = {401--438},
	Title = {On motivic cohomology with {$\bold Z/l$}-coefficients},
	Url = {http://dx.doi.org/10.4007/annals.2011.174.1.11},
	Volume = {174},
	Year = {2011},
	Bdsk-Url-1 = {http://dx.doi.org/10.4007/annals.2011.174.1.11}}

@article{morel-icm,
	Author = {Fabien Morel},
	Booktitle = {International {C}ongress of {M}athematicians. {V}ol. {II}},
	Date-Modified = {2017-11-11 16:48:25 +0000},
	Mrclass = {14F35 (19E15 55P99)},
	Mrnumber = {2275634},
	Mrreviewer = {Oliver R{\"o}ndigs},
	Pages = {1035--1059},
	Publisher = {Eur. Math. Soc., Z{\"u}rich},
	Title = {{$\mathbb{A}^1$}-algebraic topology},
	Year = {2006}}

@unpublished{khan-BN1,
	Archiveprefix = {arXiv},
	Author = {Khan, Adeel A},
	Date-Modified = {2018-09-27 18:19:08 -0700},
	Eprint = {1610.06871v3},
	Primaryclass = {math.AT},
	Title = {The Morel--Voevodsky localization theorem in spectral algebraic geometry},
	Year = {2018}}

@article{ggn,
	Author = {Gepner, David and Groth, Moritz and Nikolaus, Thomas},
	Date-Modified = {2017-10-20 04:50:43 +0000},
	Doi = {10.2140/agt.2015.15.3107},
	Fjournal = {Algebraic \& Geometric Topology},
	Issn = {1472-2747},
	Journal = {Algebr. Geom. Topol.},
	Mrclass = {55P48 (19D23 55P43)},
	Mrnumber = {3450758},
	Mrreviewer = {John A. Lind},
	Number = {6},
	Pages = {3107--3153},
	Title = {Universality of multiplicative infinite loop space machines},
	Volume = {15},
	Year = {2015},
	Bdsk-Url-1 = {http://dx.doi.org/10.2140/agt.2015.15.3107}}
