%% This BibTeX bibliography file was created using BibDesk.
%% https://bibdesk.sourceforge.io/

%% Created for Alexander Dunn at 2020-02-14 17:50:58 -0600 


%% Saved with string encoding Unicode (UTF-8) 

@article {MV,
    AUTHOR = {Michel, P.~ and Venkatesh, A.~},
     TITLE = {The subconvexity problem for {${GL}(2)$}},
   JOURNAL = {Publ. Math. Inst. Hautes \'{E}tudes Sci.},
  FJOURNAL = {Publications Math\'{e}matiques. Institut de Hautes \'{E}tudes
              Scientifiques},
    NUMBER = {111},
      YEAR = {2010},
     PAGES = {171--271},
      ISSN = {0073-8301},
   MRCLASS = {11F67 (11F37 11F70 22E55 58J51)},
  MRNUMBER = {2653249},
MRREVIEWER = {Andre Reznikov},
       DOI = {10.1007/s10240-010-0025-8},
       URL = {https://doi-org.proxy2.library.illinois.edu/10.1007/s10240-010-0025-8},
}


@article {Li2,
    AUTHOR = {Li, W.~},
     TITLE = {{$L$}-series of {R}ankin type and their functional equations},
   JOURNAL = {Math. Ann.},
  FJOURNAL = {Mathematische Annalen},
    VOLUME = {244},
      YEAR = {1979},
    NUMBER = {2},
     PAGES = {135--166},
      ISSN = {0025-5831},
   MRCLASS = {10D12 (10D24)},
  MRNUMBER = {550843},
MRREVIEWER = {R. A. Rankin},
       DOI = {10.1007/BF01420487},
       URL = {https://doi-org.proxy2.library.illinois.edu/10.1007/BF01420487},
}


@article {OS,
    AUTHOR = {Ono, K.~ and Skinner, C.~},
     TITLE = {Non-vanishing of quadratic twists of modular {$L$}-functions},
   JOURNAL = {Invent. Math.},
  FJOURNAL = {Inventiones Mathematicae},
    VOLUME = {134},
      YEAR = {1998},
    NUMBER = {3},
     PAGES = {651--660},
      ISSN = {0020-9910},
   MRCLASS = {11F67 (11G40)},
  MRNUMBER = {1660945},
MRREVIEWER = {A. Perelli},
       DOI = {10.1007/s002220050275},
       URL = {https://doi-org.proxy2.library.illinois.edu/10.1007/s002220050275},
}

@article {Iw,
    AUTHOR = {Iwaniec, H.~},
     TITLE = {On the order of vanishing of modular {$L$}-functions at the
              critical point},
   JOURNAL = {S\'{e}m. Th\'{e}or. Nombres Bordeaux (2)},
  FJOURNAL = {S\'{e}minaire de Th\'{e}orie des Nombres de Bordeaux. S\'{e}rie 2},
    VOLUME = {2},
      YEAR = {1990},
    NUMBER = {2},
     PAGES = {365--376},
      ISSN = {0989-5558},
   MRCLASS = {11F67 (11G40)},
  MRNUMBER = {1081731},
MRREVIEWER = {Solomon Friedberg},
       URL = {http://jtnb.cedram.org/item?id=JTNB_1990__2_2_365_0},
}


@article {MM,
    AUTHOR = {Murty, M. R.~ and Murty, V. K.~},
     TITLE = {Mean values of derivatives of modular {$L$}-series},
   JOURNAL = {Ann. of Math. (2)},
  FJOURNAL = {Annals of Mathematics. Second Series},
    VOLUME = {133},
      YEAR = {1991},
    NUMBER = {3},
     PAGES = {447--475},
      ISSN = {0003-486X},
   MRCLASS = {11F67 (11G05 11G40)},
  MRNUMBER = {1109350},
MRREVIEWER = {Daniel Bump},
       DOI = {10.2307/2944316},
       URL = {https://doi-org.proxy2.library.illinois.edu/10.2307/2944316},
}

@article {BFH1,
    AUTHOR = {Bump, D.~ and Friedberg, S.~ and Hoffstein, J.~},
     TITLE = {Nonvanishing theorems for {$L$}-functions of modular forms and
              their derivatives},
   JOURNAL = {Invent. Math.},
  FJOURNAL = {Inventiones Mathematicae},
    VOLUME = {102},
      YEAR = {1990},
    NUMBER = {3},
     PAGES = {543--618},
      ISSN = {0020-9910},
   MRCLASS = {11F66 (11F67 11G05 11G40)},
  MRNUMBER = {1074487},
MRREVIEWER = {Alexey A. Panchishkin},
       DOI = {10.1007/BF01233440},
       URL = {https://doi-org.proxy2.library.illinois.edu/10.1007/BF01233440},
}
		
@article {BFH2,
    AUTHOR = {Bump, D.~ and Friedberg, S.~ and Hoffstein, J.~},
     TITLE = {Eisenstein series on the metaplectic group and nonvanishing
              theorems for automorphic {$L$}-functions and their
              derivatives},
   JOURNAL = {Ann. of Math. (2)},
  FJOURNAL = {Annals of Mathematics. Second Series},
    VOLUME = {131},
      YEAR = {1990},
    NUMBER = {1},
     PAGES = {53--127},
      ISSN = {0003-486X},
   MRCLASS = {11F70 (11F67 22E55)},
  MRNUMBER = {1038358},
MRREVIEWER = {R. W. Bruggeman},
       DOI = {10.2307/1971508},
       URL = {https://doi-org.proxy2.library.illinois.edu/10.2307/1971508},
}


@article {KVA,
    AUTHOR = {Kolyvagin, V. A.},
     TITLE = {Finiteness of {$E(\mathbb{Q})$} and {CH}({E},$\mathbb{Q}$) for a
              subclass of {W}eil curves},
   JOURNAL = {Izv. Akad. Nauk SSSR Ser. Mat.},
  FJOURNAL = {Izvestiya Akademii Nauk SSSR. Seriya Matematicheskaya},
    VOLUME = {52},
      YEAR = {1988},
    NUMBER = {3},
     PAGES = {522--540, 670--671},
      ISSN = {0373-2436},
   MRCLASS = {11G05 (11G40 14G25 14K07)},
  MRNUMBER = {954295},
MRREVIEWER = {Reinhard B\"{o}lling},
       DOI = {10.1070/IM1989v032n03ABEH000779},
       URL = {https://doi-org.proxy2.library.illinois.edu/10.1070/IM1989v032n03ABEH000779},
}


@article {BSD,
    AUTHOR = {Birch, B. J. and Swinnerton-Dyer, H. P. F.},
     TITLE = {Notes on elliptic curves. {II}},
   JOURNAL = {J. Reine Angew. Math.},
  FJOURNAL = {Journal f\"{u}r die Reine und Angewandte Mathematik. [Crelle's
              Journal]},
    VOLUME = {218},
      YEAR = {1965},
     PAGES = {79--108},
      ISSN = {0075-4102},
   MRCLASS = {14.48 (10.12)},
  MRNUMBER = {179168},
MRREVIEWER = {D. J. Lewis},
       DOI = {10.1515/crll.1965.218.79},
       URL = {https://doi-org.proxy2.library.illinois.edu/10.1515/crll.1965.218.79},
}

@article {HL,
    AUTHOR = {Hoffstein, J.~ and Lockhart, P.~},
     TITLE = {Coefficients of {M}aass forms and the {S}iegel zero},
      NOTE = {With an appendix by Dorian Goldfeld, Hoffstein and Daniel
              Lieman},
   JOURNAL = {Ann. of Math. (2)},
  FJOURNAL = {Annals of Mathematics. Second Series},
    VOLUME = {140},
      YEAR = {1994},
    NUMBER = {1},
     PAGES = {161--181},
      ISSN = {0003-486X},
   MRCLASS = {11F37 (11F12 11F30 11F66)},
  MRNUMBER = {1289494},
MRREVIEWER = {Lynne H. Walling},
       DOI = {10.2307/2118543},
       URL = {https://doi-org.proxy2.library.illinois.edu/10.2307/2118543},
}
	
@article {Wal,
    AUTHOR = {Waldspurger, J.-L.},
     TITLE = {Sur les coefficients de {F}ourier des formes modulaires de
              poids demi-entier},
   JOURNAL = {J. Math. Pures Appl. (9)},
  FJOURNAL = {Journal de Math\'{e}matiques Pures et Appliqu\'{e}es. Neuvi\`eme S\'{e}rie},
    VOLUME = {60},
      YEAR = {1981},
    NUMBER = {4},
     PAGES = {375--484},
      ISSN = {0021-7824},
   MRCLASS = {10D15 (10D24)},
  MRNUMBER = {646366},
MRREVIEWER = {A. N. Andrianov},
}
	


@misc{ABL,
    title={Uniform Titchmarsh divisor problems},
    author={Assing, E.~ and Blomer, V.~ and Li, J.~},
    year={2020},
    eprint={2005.13915},
    archivePrefix={arXiv},
    primaryClass={math.NT}
}


@article {BMN,
    AUTHOR = {Booker, A.~R.~ and Milinovich, M.~B.~ and Ng, N.~},
     TITLE = {Subconvexity for modular form {$L$}-functions in the {$t$}
              aspect},
   JOURNAL = {Adv. Math.},
  FJOURNAL = {Advances in Mathematics},
    VOLUME = {341},
      YEAR = {2019},
     PAGES = {299--335},
      ISSN = {0001-8708},
   MRCLASS = {11M06 (11F03)},
  MRNUMBER = {3872849},
MRREVIEWER = {Qingfeng Sun},
       DOI = {10.1016/j.aim.2018.10.037},
       URL = {https://doi-org.proxy2.library.illinois.edu/10.1016/j.aim.2018.10.037},
}

@book {JL,
    AUTHOR = {Jacquet, H. and Langlands, R. P.},
     TITLE = {Automorphic forms on {${\rm GL}(2)$}},
    SERIES = {Lecture Notes in Mathematics, Vol. 114},
 PUBLISHER = {Springer-Verlag, Berlin-New York},
      YEAR = {1970},
     PAGES = {vii+548},
   MRCLASS = {10D15 (22E55 12A65 12A70)},
  MRNUMBER = {0401654},
MRREVIEWER = {S. Gelbart},
}

@book {GH,
    AUTHOR = {Goldfeld, D.~ and Hundley, J.~},
     TITLE = {Automorphic representations and {$L$}-functions for the
              general linear group. {V}olume {I}},
    SERIES = {Cambridge Studies in Advanced Mathematics},
    VOLUME = {129},
      NOTE = {With exercises and a preface by Xander Faber},
 PUBLISHER = {Cambridge University Press, Cambridge},
      YEAR = {2011},
     PAGES = {xx+550},
      ISBN = {978-0-521-47423-8},
   MRCLASS = {11F70 (11F12 11F41 11F66 22E50 22E55)},
  MRNUMBER = {2807433},
MRREVIEWER = {Solomon Friedberg},
       DOI = {10.1017/CBO9780511973628},
       URL = {https://doi-org.proxy2.library.illinois.edu/10.1017/CBO9780511973628},
}

@article {Cas,
    AUTHOR = {Casselman, William},
     TITLE = {On some results of {A}tkin and {L}ehner},
   JOURNAL = {Math. Ann.},
  FJOURNAL = {Mathematische Annalen},
    VOLUME = {201},
      YEAR = {1973},
     PAGES = {301--314},
      ISSN = {0025-5831},
   MRCLASS = {10D15 (22E50)},
  MRNUMBER = {337789},
MRREVIEWER = {T. Miyake},
       DOI = {10.1007/BF01428197},
       URL = {https://doi-org.proxy2.library.illinois.edu/10.1007/BF01428197},
}

@book {Gel,
    AUTHOR = {Gelbart, S. S.~},
     TITLE = {Automorphic forms on ad\`ele groups},
      NOTE = {Annals of Mathematics Studies, No. 83},
 PUBLISHER = {Princeton University Press, Princeton, N.J.; University of
              Tokyo Press, Tokyo},
      YEAR = {1975},
     PAGES = {x+267},
   MRCLASS = {10D05 (10D15 22E55)},
  MRNUMBER = {0379375},
MRREVIEWER = {J. G. Arthur},
}

@book {Bu,
    AUTHOR = {Bump, D.~},
     TITLE = {Automorphic forms and representations},
    SERIES = {Cambridge Studies in Advanced Mathematics},
    VOLUME = {55},
 PUBLISHER = {Cambridge University Press, Cambridge},
      YEAR = {1997},
     PAGES = {xiv+574},
      ISBN = {0-521-55098-X},
   MRCLASS = {11F70 (11F41 11R39 22E50 22E55)},
  MRNUMBER = {1431508},
MRREVIEWER = {Solomon Friedberg},
       DOI = {10.1017/CBO9780511609572},
       URL = {https://doi-org.proxy2.library.illinois.edu/10.1017/CBO9780511609572},
}

@article {LW,
    AUTHOR = {Loeffler, D.~ and Weinstein, J.~},
     TITLE = {On the computation of local components of a newform},
   JOURNAL = {Math. Comp.},
  FJOURNAL = {Mathematics of Computation},
    VOLUME = {81},
      YEAR = {2012},
    NUMBER = {278},
     PAGES = {1179--1200},
      ISSN = {0025-5718},
   MRCLASS = {11F70 (11F11)},
  MRNUMBER = {2869056},
MRREVIEWER = {Nathan C. Ryan},
       DOI = {10.1090/S0025-5718-2011-02530-5},
       URL = {https://doi-org.proxy2.library.illinois.edu/10.1090/S0025-5718-2011-02530-5},
}
		


@article {FH,
    AUTHOR = {Friedberg, S.~ and Hoffstein, J.~},
     TITLE = {Nonvanishing theorems for automorphic {$L$}-functions on
              {${\rm GL}(2)$}},
   JOURNAL = {Ann. of Math. (2)},
  FJOURNAL = {Annals of Mathematics. Second Series},
    VOLUME = {142},
      YEAR = {1995},
    NUMBER = {2},
     PAGES = {385--423},
      ISSN = {0003-486X},
   MRCLASS = {11F70 (11F67 22E55)},
  MRNUMBER = {1343325},
MRREVIEWER = {David Ginzburg},
       DOI = {10.2307/2118638},
       URL = {https://doi-org.proxy2.library.illinois.edu/10.2307/2118638},
}

@article {Dah,
    AUTHOR = {Dahl, A.~},
     TITLE = {Subconvexity for a double {D}irichlet series and non-vanishing
              of {$L$}-functions},
   JOURNAL = {Int. J. Number Theory},
  FJOURNAL = {International Journal of Number Theory},
    VOLUME = {14},
      YEAR = {2018},
    NUMBER = {6},
     PAGES = {1573--1604},
      ISSN = {1793-0421},
   MRCLASS = {11M32 (11F68)},
  MRNUMBER = {3827947},
MRREVIEWER = {Nils Matthes},
       DOI = {10.1142/S1793042118500951},
       URL = {https://doi-org.proxy2.library.illinois.edu/10.1142/S1793042118500951},
}
	
@article {Bo,
    AUTHOR = {Bochner, S.},
     TITLE = {A theorem on analytic continuation of functions in several
              variables},
   JOURNAL = {Ann. of Math. (2)},
  FJOURNAL = {Annals of Mathematics. Second Series},
    VOLUME = {39},
      YEAR = {1938},
    NUMBER = {1},
     PAGES = {14--19},
      ISSN = {0003-486X},
   MRCLASS = {DML},
  MRNUMBER = {1503384},
       DOI = {10.2307/1968709},
       URL = {https://doi-org.proxy2.library.illinois.edu/10.2307/1968709},
}

@article {DGH,
    AUTHOR = {Diaconu, A.~ and Goldfeld, D.~ and Hoffstein, J.~},
     TITLE = {Multiple {D}irichlet series and moments of zeta and
              {$L$}-functions},
   JOURNAL = {Compositio Math.},
  FJOURNAL = {Compositio Mathematica},
    VOLUME = {139},
      YEAR = {2003},
    NUMBER = {3},
     PAGES = {297--360},
      ISSN = {0010-437X},
   MRCLASS = {11M06 (11F66 11M41)},
  MRNUMBER = {2041614},
MRREVIEWER = {Emmanuel P. Royer},
       DOI = {10.1023/B:COMP.0000018137.38458.68},
       URL = {https://doi-org.proxy2.library.illinois.edu/10.1023/B:COMP.0000018137.38458.68},
}

@article {W1,
    AUTHOR = {Whitehead, I.~},
     TITLE = {Affine {W}eyl group multiple {D}irichlet series: type
              {$\widetilde{A}$}},
   JOURNAL = {Compos. Math.},
  FJOURNAL = {Compositio Mathematica},
    VOLUME = {152},
      YEAR = {2016},
    NUMBER = {12},
     PAGES = {2503--2523},
      ISSN = {0010-437X},
   MRCLASS = {11M32},
  MRNUMBER = {3594285},
MRREVIEWER = {A. Perelli},
       DOI = {10.1112/S0010437X16007715},
       URL = {https://doi-org.proxy2.library.illinois.edu/10.1112/S0010437X16007715},
}

@misc{W2,
    title={Multiple {D}irichlet Series for Affine {W}eyl Groups},
    author={Whitehead, I.~},
    year={2014},
    eprint={1406.0573},
    archivePrefix={arXiv},
    primaryClass={math.NT}
}

@article {CG2,
    AUTHOR = {Chinta, G. and Gunnells, P.~E.~},
     TITLE = {Constructing {W}eyl group multiple {D}irichlet series},
   JOURNAL = {J. Amer. Math. Soc.},
  FJOURNAL = {Journal of the American Mathematical Society},
    VOLUME = {23},
      YEAR = {2010},
    NUMBER = {1},
     PAGES = {189--215},
      ISSN = {0894-0347},
   MRCLASS = {11F68},
  MRNUMBER = {2552251},
       DOI = {10.1090/S0894-0347-09-00641-9},
       URL = {https://doi-org.proxy2.library.illinois.edu/10.1090/S0894-0347-09-00641-9},
}

@article {De,
    AUTHOR = {Deligne, P.~},
     TITLE = {La conjecture de {W}eil. {I}},
   JOURNAL = {Inst. Hautes \'{E}tudes Sci. Publ. Math.},
  FJOURNAL = {Institut des Hautes \'{E}tudes Scientifiques. Publications
              Math\'{e}matiques},
    NUMBER = {43},
      YEAR = {1974},
     PAGES = {273--307},
      ISSN = {0073-8301},
   MRCLASS = {14G13},
  MRNUMBER = {340258},
MRREVIEWER = {Nicholas M. Katz},
       URL = {http://www.numdam.org.proxy2.library.illinois.edu/item?id=PMIHES_1974__43__273_0},
}


@incollection {BBCFH,
    AUTHOR = {Brubaker, B.~ and Bump, D.~ and Chinta, G.~ and
              Friedberg, S.~ and Hoffstein, J.~},
     TITLE = {Weyl group multiple {D}irichlet series. {I}},
 BOOKTITLE = {Multiple {D}irichlet series, automorphic forms, and analytic
              number theory},
    SERIES = {Proc. Sympos. Pure Math.},
    VOLUME = {75},
     PAGES = {91--114},
 PUBLISHER = {Amer. Math. Soc., Providence, RI},
      YEAR = {2006},
   MRCLASS = {11F66 (11F55 11M41)},
  MRNUMBER = {2279932},
MRREVIEWER = {Michael C. Berg},
       DOI = {10.1090/pspum/075/2279932},
       URL = {https://doi-org.proxy2.library.illinois.edu/10.1090/pspum/075/2279932},
}

@incollection {BFH,
    AUTHOR = {Bump, D.~ and Friedberg, S.~ and Hoffstein, J.~},
     TITLE = {Sums of twisted {${\rm GL}(3)$} automorphic {$L$}-functions},
 BOOKTITLE = {Contributions to automorphic forms, geometry, and number
              theory},
     PAGES = {131--162},
 PUBLISHER = {Johns Hopkins Univ. Press, Baltimore, MD},
      YEAR = {2004},
   MRCLASS = {11F70 (11F66 11N75)},
  MRNUMBER = {2058607},
MRREVIEWER = {Henry H. Kim},
}
		
@article {CG1,
    AUTHOR = {Chinta, G. and Gunnells, Paul E.},
     TITLE = {Weyl group multiple {D}irichlet series constructed from
              quadratic characters},
   JOURNAL = {Invent. Math.},
  FJOURNAL = {Inventiones Mathematicae},
    VOLUME = {167},
      YEAR = {2007},
    NUMBER = {2},
     PAGES = {327--353},
      ISSN = {0020-9910},
   MRCLASS = {11M41 (11F66)},
  MRNUMBER = {2270457},
MRREVIEWER = {Emmanuel P. Royer},
       DOI = {10.1007/s00222-006-0014-1},
       URL = {https://doi-org.proxy2.library.illinois.edu/10.1007/s00222-006-0014-1},
}
		
@misc{DW,
    title={On the third moment of {$L(\frac{1}{2}, \chi_d)$} {II}: the number field case},
    author={Diaconu, A.~ and Whitehead, I.~},
    year={2018},
    eprint={1804.00690},
    archivePrefix={arXiv},
    primaryClass={math.NT}
}

@article {Di,
    AUTHOR = {Diaconu, Adrian},
     TITLE = {On the third moment of {$L(\frac{1}{2},\chi_d)$} {I}: {T}he
              rational function field case},
   JOURNAL = {J. Number Theory},
  FJOURNAL = {Journal of Number Theory},
    VOLUME = {198},
      YEAR = {2019},
     PAGES = {1--42},
      ISSN = {0022-314X},
   MRCLASS = {11M06 (11R58)},
  MRNUMBER = {3912928},
MRREVIEWER = {Sandro Bettin},
       DOI = {10.1016/j.jnt.2018.09.023},
       URL = {https://doi-org.proxy2.library.illinois.edu/10.1016/j.jnt.2018.09.023},
}

@article {AL,
    AUTHOR = {Atkin, A. O. L. and Li, W.},
     TITLE = {Twists of newforms and pseudo-eigenvalues of {$W$}-operators},
   JOURNAL = {Invent. Math.},
  FJOURNAL = {Inventiones Mathematicae},
    VOLUME = {48},
      YEAR = {1978},
    NUMBER = {3},
     PAGES = {221--243},
      ISSN = {0020-9910},
   MRCLASS = {10D12},
  MRNUMBER = {508986},
MRREVIEWER = {R. A. Rankin},
       DOI = {10.1007/BF01390245},
       URL = {https://doi-org.proxy2.library.illinois.edu/10.1007/BF01390245},
}

@article {Blo,
    AUTHOR = {Blomer, V.},
     TITLE = {Subconvexity for a double {D}irichlet series},
   JOURNAL = {Compos. Math.},
  FJOURNAL = {Compositio Mathematica},
    VOLUME = {147},
      YEAR = {2011},
    NUMBER = {2},
     PAGES = {355--374},
      ISSN = {0010-437X},
   MRCLASS = {11M32 (11L40 11M41)},
  MRNUMBER = {2776608},
MRREVIEWER = {Angel V. Kumchev},
       DOI = {10.1112/S0010437X10004926},
       URL = {https://doi-org.proxy2.library.illinois.edu/10.1112/S0010437X10004926},
}


@book {IK,
    AUTHOR = {Iwaniec, H. and Kowalski, E.},
     TITLE = {Analytic number theory},
    SERIES = {American Mathematical Society Colloquium Publications},
    VOLUME = {53},
 PUBLISHER = {American Mathematical Society, Providence, RI},
      YEAR = {2004},
     PAGES = {xii+615},
      ISBN = {0-8218-3633-1},
   MRCLASS = {11-02 (11Fxx 11Lxx 11Mxx 11Nxx)},
  MRNUMBER = {2061214},
MRREVIEWER = {K. Soundararajan},
       DOI = {10.1090/coll/053},
       URL = {https://doi-org.proxy2.library.illinois.edu/10.1090/coll/053},
}

@article{Wu,
	Abstract = {We make the subconvex exponent for \mathrm{GL}_2 \mathrm{GL}_2 cuspidal representation in the work of Michel \& Venkatesh explicit. The result depends on an effective dependence on the `fixed' \mathrm{GL}_2 \mathrm{GL}_2 representation in our former work on the subconvex bounds for twists by Hecke characters, which in turn depends on the \mathrm{L}^4 \mathrm{L}^4 -norm of the test function. We also give some applications of our results, including a new bound of the error term in the expansion of the partition function due to Rademacher.},
	Author = {Wu, H. and  Andersen, N.},
	Date-Added = {2020-02-14 17:47:18 -0600},
	Date-Modified = {2020-02-14 17:50:54 -0600},
	Journal = {https://arxiv.org/pdf/1812.04391.pdf},
	Title = {Explicit subconvexity for $\operatorname{GL}_2$ and some applications},
	Year = {2020}}

@article{HB,
	Author = {Heath-Brown, D. R.},
	Doi = {10.4064/aa-72-3-235-275},
	Fjournal = {Acta Arithmetica},
	Issn = {0065-1036},
	Journal = {Acta Arith.},
	Mrclass = {11L40 (11M06 11M26)},
	Mrnumber = {1347489},
	Mrreviewer = {Matti Jutila},
	Number = {3},
	Pages = {235--275},
	Title = {A mean value estimate for real character sums},
	Url = {https://doi-org.proxy2.library.illinois.edu/10.4064/aa-72-3-235-275},
	Volume = {72},
	Year = {1995},
	Bdsk-Url-1 = {https://doi-org.proxy2.library.illinois.edu/10.4064/aa-72-3-235-275},
	Bdsk-Url-2 = {https://doi.org/10.4064/aa-72-3-235-275}}

@article{CK,
	Author = {Choie, YoungJu and Kohnen, Winfried},
	Doi = {10.1007/s00013-013-0492-5},
	Fjournal = {Archiv der Mathematik},
	Issn = {0003-889X},
	Journal = {Arch. Math. (Basel)},
	Mrclass = {11F37 (11F12 11F30)},
	Mrnumber = {3044117},
	Mrreviewer = {Claus Mazanti Sorensen},
	Number = {4},
	Pages = {333--336},
	Title = {A short remark on sign changes of {F}ourier coefficients of half-integral weight modular forms},
	Url = {https://doi-org.proxy2.library.illinois.edu/10.1007/s00013-013-0492-5},
	Volume = {100},
	Year = {2013},
	Bdsk-Url-1 = {https://doi-org.proxy2.library.illinois.edu/10.1007/s00013-013-0492-5},
	Bdsk-Url-2 = {https://doi.org/10.1007/s00013-013-0492-5}}

@article{Y,
	Author = {Young, Matthew P.},
	Doi = {10.1007/s00029-012-0104-4},
	Fjournal = {Selecta Mathematica. New Series},
	Issn = {1022-1824},
	Journal = {Selecta Math. (N.S.)},
	Mrclass = {11M06 (11A25 11N37)},
	Mrnumber = {3090236},
	Mrreviewer = {Olivier Bordell\`es},
	Number = {2},
	Pages = {509--543},
	Title = {The third moment of quadratic {D}irichlet {L}-functions},
	Url = {https://doi-org.proxy2.library.illinois.edu/10.1007/s00029-012-0104-4},
	Volume = {19},
	Year = {2013},
	Bdsk-Url-1 = {https://doi-org.proxy2.library.illinois.edu/10.1007/s00029-012-0104-4},
	Bdsk-Url-2 = {https://doi.org/10.1007/s00029-012-0104-4}}

@article{BFKMMS,
	Abstract = {For a fairly general family of L-functions, we survey the known consequences of the existence of asymptotic formulas with power-sawing error term for the (twisted) first and second moments of the central values in the family. We then consider in detail the important special case of the family of twists of a fixed cusp form by primitive Dirichlet characters modulo a prime q, and prove that it satisfies such formulas. We derive arithmetic consequences: - a positive proportion of central values L(f x chi, 1/2) are non-zero, and indeed bounded from below; - there exist many characters chi for which the central L-value is very large; - the probability of a large analytic rank decays exponentially fast. We finally show how the second moment estimate establishes a special case of a conjecture of Mazur and Rubin concerning the distribution of modular symbols.},
	Author = {V.~Blomer and {\'E}.~Fouvry and E.~Kowalski and P.~Michel and D.~Mili{\'c}evi{\'c} and W.~Sawin},
	Date-Added = {2018-12-09 15:59:35 -0600},
	Date-Modified = {2018-12-11 12:22:17 -0600},
	Eprint = {1804.01450},
	Journal = {to appear, Memoirs of the AMS},
	Title = {The second moment theory of families of $L$-functions}}

@article{S,
	Author = {Soundararajan, K.},
	Doi = {10.2307/2661390},
	Fjournal = {Annals of Mathematics. Second Series},
	Issn = {0003-486X},
	Journal = {Ann. of Math. (2)},
	Mrclass = {11M20 (11R42)},
	Mrnumber = {1804529},
	Mrreviewer = {J. B. Conrey},
	Number = {2},
	Pages = {447--488},
	Title = {Nonvanishing of quadratic {D}irichlet {$L$}-functions at {$s=\frac12$}},
	Url = {https://doi-org.proxy2.library.illinois.edu/10.2307/2661390},
	Volume = {152},
	Year = {2000},
	Bdsk-Url-1 = {https://doi-org.proxy2.library.illinois.edu/10.2307/2661390},
	Bdsk-Url-2 = {https://doi.org/10.2307/2661390}}

@article{GZ,
	Author = {B.H.~Gross and D.B.~Zagier},
	Date-Added = {2020-01-26 17:30:27 -0600},
	Date-Modified = {2020-01-26 17:30:52 -0600},
	Doi = {10.1007/BF01388809},
	Fjournal = {Inventiones Mathematicae},
	Issn = {0020-9910},
	Journal = {Invent. Math.},
	Mrclass = {11G40 (11F11 11G05 14G10)},
	Mrnumber = {833192},
	Mrreviewer = {Loren D. Olson},
	Number = {2},
	Pages = {225--320},
	Title = {Heegner points and derivatives of {$L$}-series},
	Url = {https://mathscinet.ams.org/mathscinet-getitem?mr=833192},
	Volume = {84},
	Year = {1986},
	Bdsk-Url-1 = {https://mathscinet.ams.org/mathscinet-getitem?mr=833192}}

@article{BCDT,
	Author = {C.~Breuil and B.~Conrad and F.~Diamond and R.~Taylor},
	Date-Added = {2020-01-26 17:28:27 -0600},
	Date-Modified = {2020-01-26 17:29:14 -0600},
	Doi = {10.1090/S0894-0347-01-00370-8},
	Fjournal = {Journal of the American Mathematical Society},
	Issn = {0894-0347},
	Journal = {J. Amer. Math. Soc.},
	Mrclass = {11G05 (11F80 11G07 14G35)},
	Mrnumber = {1839918},
	Mrreviewer = {Karl Rubin},
	Number = {4},
	Pages = {843--939},
	Title = {On the modularity of elliptic curves over {$\bold Q$}: wild 3-adic exercises},
	Url = {https://mathscinet.ams.org/mathscinet-getitem?mr=1839918},
	Volume = {14},
	Year = {2001},
	Bdsk-Url-1 = {https://mathscinet.ams.org/mathscinet-getitem?mr=1839918}}

@article{HK,
	Abstract = {Let pi be an automorphic representation on GL(r, A_Q) for r=1, 2, or 3. Let d be a fundamental discriminant and chi_d the corresponding quadratic Dirichlet character. We consider the question of the least d, relative to the data (level, weight or eigenvalue) of pi, such that the central value of the twisted L-series is nonzero, i.e. L(1/2, pi x chi_d) != 0. For example, let N be the level of pi. Using multiple Dirichlet series, we prove the nonvanishing of a central twisted L L -value with d << N^{1/2} for GL(1), d << N^1 for GL(2), and d << N^2 for GL(3), the last case assuming that a certain character is quadratic (see Theorem 1.13). We work over Q for simplicity but the method generalizes to arbitrary number fields. We conjecture that in all cases there should be such a twist with d << N^epsilon. This would follow from a Lindelof-type bound for a multiple Dirichlet series which does not have an Euler product, but is constructed from a Rankin-Selberg integral applied to automorphic forms which are eigenfunctions of Hecke operators.},
	Author = {J.~Hoffstein and A.~Kontorovich},
	Date-Added = {2020-01-26 17:11:33 -0600},
	Date-Modified = {2020-01-26 17:13:01 -0600},
	Journal = {https://arxiv.org/pdf/1008.0839.pdf},
	Pages = {1--30},
	Title = {The first non-vanishing quadratic twist of an automorphic {L}-series},
	Year = {2010}}

@article{LY,
	Author = {S.C.~Liu and M.P.~Young},
	Date-Added = {2020-01-26 17:10:01 -0600},
	Date-Modified = {2020-01-26 17:10:30 -0600},
	Doi = {10.1353/ajm.2014.0008},
	Fjournal = {American Journal of Mathematics},
	Issn = {0002-9327},
	Journal = {Amer. J. Math.},
	Mrclass = {11F46},
	Mrnumber = {3163357},
	Mrreviewer = {Howard Skogman},
	Number = {1},
	Pages = {165--201},
	Title = {Growth and nonvanishing of restricted {S}iegel modular forms arising as {S}aito-{K}urokawa lifts},
	Url = {https://mathscinet.ams.org/mathscinet-getitem?mr=3163357},
	Volume = {136},
	Year = {2014},
	Bdsk-Url-1 = {https://mathscinet.ams.org/mathscinet-getitem?mr=3163357}}

@article{Pet,
	Author = {I.~Petrow},
	Date-Added = {2020-01-26 17:08:49 -0600},
	Date-Modified = {2020-01-26 17:10:48 -0600},
	Doi = {10.1093/imrn/rns265},
	Fjournal = {International Mathematics Research Notices. IMRN},
	Issn = {1073-7928},
	Journal = {Int. Math. Res. Not. IMRN},
	Mrclass = {11N37 (11A25)},
	Mrnumber = {3180602},
	Mrreviewer = {Olivier Bordell{\`e}s},
	Number = {6},
	Pages = {1576--1612},
	Title = {Moments of {$L'(\frac12)$} in the family of quadratic twists},
	Url = {https://mathscinet.ams.org/mathscinet-getitem?mr=3180602},
	Year = {2014},
	Bdsk-Url-1 = {https://mathscinet.ams.org/mathscinet-getitem?mr=3180602}}
