


@book {Galambos2004,
    AUTHOR = {Galambos, Janos and Simonelli, Italo},
     TITLE = {Products of random variables},
    SERIES = {Monographs and Textbooks in Pure and Applied Mathematics},
    VOLUME = {268},
       PUBLISHER = {Marcel Dekker, Inc., New York},
      YEAR = {2004},
}

@book {Rudin1987,    
AUTHOR = {Rudin, Walter},
     TITLE = {Real and complex analysis},
   EDITION = {Third},
 PUBLISHER = {McGraw-Hill Book Co., New York},
      YEAR = {1987},
}


@article {McCullagh1996,
    AUTHOR = {McCullagh, Peter},
     TITLE = {M\"{o}bius transformation and {C}auchy parameter estimation},
   JOURNAL = {Ann. Statist.},
      VOLUME = {24},
      YEAR = {1996},
    NUMBER = {2},
     PAGES = {787--808},
     }
     
     @Book{Zolotarev1986,
  title     = {One-Dimensional Stable Distributions},
  publisher = {American Mathematical Society},
  year      = {1986},
  author    = {V. M. Zolotarev},
  isbn      = {0-8218-4519-5},
  file      = {:references/books/[Zolotarev] One-Dimensional Stable Distributions.pdf:PDF},
  timestamp = {2020-03-06},
  url       = {https://www.amazon.com/One-Dimensional-Distributions-Translations-Mathematical-Monographs/dp/0821845195?SubscriptionId=AKIAIOBINVZYXZQZ2U3A&tag=chimbori05-20&linkCode=xm2&camp=2025&creative=165953&creativeASIN=0821845195},
}

     
@article {Arnold1979,
    AUTHOR = {Arnold, B. C.},
     TITLE = {Some characterizations of the {C}auchy distribution},
   JOURNAL = {Austral. J. Statist.},
     VOLUME = {21},
      YEAR = {1979},
    NUMBER = {2},
     PAGES = {166--169},
}

@article {Arnold1990,
    AUTHOR = {Arnold, Barry C. and Norton, Robert M.},
     TITLE = {On {C}auchy-like distributions},
   JOURNAL = {Sankhy\={a} Ser. A},
    VOLUME = {52},
      YEAR = {1990},
    NUMBER = {3},
     PAGES = {371--375},
}

@article {Bell1985,
    AUTHOR = {Bell, C. B. and Sarma, Y. R.},
     TITLE = {A characterization of the {C}auchy distribution},
   JOURNAL = {Trabajos Estad\'{\i}st. Investigaci\'{o}n Oper.},
    VOLUME = {36},
      YEAR = {1985},
    NUMBER = {1},
     PAGES = {3--7},
}

@article {Chin2020,
    AUTHOR = {Chin, Wooyoung and Jung, Paul and Markowsky, Greg},
     TITLE = {A note on invariance of the {C}auchy and related
              distributions},
   JOURNAL = {Statist. Probab. Lett.},
     VOLUME = {158},
      YEAR = {2020},
     PAGES = {108668, 6},
      }

@article {Dunau1987,
    AUTHOR = {Dunau, Jean-Louis and S\'{e}nateur, Henri},
     TITLE = {An elementary proof of the {K}night-{M}eyer characterization
              of the {C}auchy distribution},
   JOURNAL = {J. Multivariate Anal.},
     VOLUME = {22},
      YEAR = {1987},
    NUMBER = {1},
     PAGES = {74--78},
}

@article {Hamedani1993,
    AUTHOR = {Hamedani, G. G.},
     TITLE = {Characterizations of {C}auchy, normal, and uniform
              distributions},
   JOURNAL = {Studia Sci. Math. Hungar.},
    VOLUME = {28},
      YEAR = {1993},
    NUMBER = {3-4},
     PAGES = {243--247},
      }


@article {Hassenforder1988,
    AUTHOR = {Hassenforder, Claudie},
     TITLE = {An extension of {K}night's theorem on {C}auchy distribution},
   JOURNAL = {J. Theoret. Probab.},
    VOLUME = {1},
      YEAR = {1988},
    NUMBER = {2},
     PAGES = {205--209},
}



@article {Knight1976a,
    AUTHOR = {Knight, Frank B.},
     TITLE = {A characterization of the {C}auchy type},
   JOURNAL = {Proc. Amer. Math. Soc.},
    VOLUME = {55},
      YEAR = {1976},
    NUMBER = {1},
     PAGES = {130--135},
}

@article {Knight1976b,
    AUTHOR = {Knight, F. B. and Meyer, P. A.},
     TITLE = {Une caract\'{e}risation de la loi de {C}auchy},
   JOURNAL = {Z. Wahrscheinlichkeitstheorie und Verw. Gebiete},
     VOLUME = {34},
      YEAR = {1976},
    NUMBER = {2},
     PAGES = {129--134},

}


@article {Letac1977,
    AUTHOR = {Letac, G\'{e}rard},
     TITLE = {Which functions preserve {C}auchy laws?},
   JOURNAL = {Proc. Amer. Math. Soc.},
    VOLUME = {67},
      YEAR = {1977},
    NUMBER = {2},
     PAGES = {277--286},
     }



@article {Menon1962,
    AUTHOR = {Menon, M. V.},
     TITLE = {A characterization of the {C}auchy distribution},
   JOURNAL = {Ann. Math. Statist.},
      VOLUME = {33},
      YEAR = {1962},
     PAGES = {1267--1271},
 }

@article {Menon1966,
    AUTHOR = {Menon, M. V.},
     TITLE = {Another characteristic property of the {C}auchy distribution},
   JOURNAL = {Ann. Math. Statist.},
      VOLUME = {37},
      YEAR = {1966},
     PAGES = {289--294},
}



@article {Norton1983,
    AUTHOR = {Norton, Robert M.},
     TITLE = {A characterization of the {C}auchy distribution},
   JOURNAL = {Sankhy\={a} Ser. A},
    VOLUME = {45},
      YEAR = {1983},
    NUMBER = {2},
     PAGES = {247--252},
}

@article {Obretenov1961,
    AUTHOR = {Obretenov, Apostol},
     TITLE = {A property characterizing the {C}auchy distribution},
   JOURNAL = {Fiz.-Mat. Spis. B\bud lgar. Akad. Nauk.},
    VOLUME = {4(37)},
      YEAR = {1961},
     PAGES = {40--43},
}



@article {Ramachandran1970,
    AUTHOR = {Ramachandran, B. and Rao, C. Radhakrishna},
     TITLE = {Solutions of functional equations arising in some regression
              problems and a characterization of the {C}auchy law},
   JOURNAL = {Sankhy\={a} Ser. A},
      VOLUME = {32},
      YEAR = {1970},
     PAGES = {1--30},
      }

@article {Williams1969,
    AUTHOR = {Williams, E. J.},
     TITLE = {Cauchy-distributed functions and a characterization of the
              {C}auchy distribution},
   JOURNAL = {Ann. Math. Statist.},
      VOLUME = {40},
      YEAR = {1969},
     PAGES = {1083--1085},
}


		

@article {Yanushkevichius2007,
    AUTHOR = {Yanushkevichius, R.},
     TITLE = {Stability of the {R}amachandran-{R}ao characterization of the
              {C}auchy distribution},
   JOURNAL = {J. Math. Sci. (N.Y.)},
    VOLUME = {146},
      YEAR = {2007},
    NUMBER = {4},
     PAGES = {6066--6070},
}

      
@article {Yanushkevichius2014,
    AUTHOR = {Yanushkevichius, R.},
     TITLE = {On stability estimates of a characterization of the {C}auchy
              distribution},
   JOURNAL = {J. Math. Sci. (N.Y.)},
    VOLUME = {200},
      YEAR = {2014},
    NUMBER = {4},
     PAGES = {505--506},
}






@Book{Lehmann1999,
  title     = {Elements of Large-Sample Theory},
  publisher = {Springer-Verlag},
  year      = {1999},
  author    = {E. L. Lehmann},
  doi       = {10.1007/b98855},
  file      = {:references/books/[Lehmann] Elements_of_Large-sample_Theory.pdf:PDF},
  url       = {https://www.springer.com/jp/book/9780387985954},
}



@Comment{jabref-meta: databaseType:bibtex;}

@Comment{jabref-meta: saveActions:enabled;
date[normalize_date]
pages[normalize_page_numbers]
month[normalize_month]
all-text-fields[identity,html_to_latex,unicode_to_latex,ordinals_to_superscript]
;}

