@article{Aless-Sin,
  title={Convexity estimates for a nonhomogeneous mean curvature flow},
  author={Alessandroni, Roberta and Sinestrari, Carlo},
  journal={Mathematische Zeitschrift},
  volume={266},
  number={1},
  pages={65--82},
  year={2010},
  publisher={Springer}
}

@article{And94_euclid,
  title={Contraction of convex hypersurfaces in Euclidean space},
  author={Andrews, Ben},
  journal={Calculus of Variations and Partial Differential Equations},
  volume={2},
  number={2},
  pages={151--171},
  year={1994},
  publisher={Springer}
}

@article{And94,
  title={Contraction of convex hypersurfaces in {R}iemannian spaces},
  author={Andrews, Ben},
  journal={Journal of Differential Geometry},
  volume={39},
  number={2},
  pages={407--431},
  year={1994},
  publisher={Lehigh University}
}

@article{And_har,
  title={Harnack inequalities for evolving hypersurfaces},
  author={Andrews, Ben},
  journal={Mathematische Zeitschrift},
  volume={217},
  number={1},
  pages={179--197},
  year={1994},
  publisher={Springer}
}

@misc{And03,
    title={Positively curved surfaces in the three-sphere},
    author={Ben Andrews},
    year={2003},
    eprint={math/0304257},
    archivePrefix={arXiv},
    primaryClass={math.DG}
}

@article{And04,
  title={Fully nonlinear parabolic equations in two space variables},
  author={Andrews, Ben},
  journal={arXiv preprint math/0402235},
  year={2004}
}

@article {And07,
    AUTHOR = {Andrews, Ben},
     TITLE = {Pinching estimates and motion of hypersurfaces by curvature
              functions},
   JOURNAL = {J. Reine Angew. Math.},
  FJOURNAL = {Journal f\"{u}r die Reine und Angewandte Mathematik. [Crelle's
              Journal]},
    VOLUME = {608},
      YEAR = {2007},
     PAGES = {17--33},
      ISSN = {0075-4102},
   MRCLASS = {53C44 (35K55)},
  MRNUMBER = {2339467},
MRREVIEWER = {James Alexander McCoy},
       DOI = {10.1515/CRELLE.2007.051},
       URL = {https://doi.org/10.1515/CRELLE.2007.051},
}

@article{And12,
  title={Noncollapsing in mean-convex mean curvature flow},
  author={Andrews, Ben},
  journal={Geometry \& Topology},
  volume={16},
  number={3},
  pages={1413--1418},
  year={2012},
  publisher={Mathematical Sciences Publishers}
}

@article {Andrews-Baker,
    AUTHOR = {Andrews, Ben and Baker, Charles},
     TITLE = {Mean curvature flow of pinched submanifolds to spheres},
   JOURNAL = {J. Differential Geom.},
  FJOURNAL = {Journal of Differential Geometry},
    VOLUME = {85},
      YEAR = {2010},
    NUMBER = {3},
     PAGES = {357--395},
      ISSN = {0022-040X},
   MRCLASS = {53C44 (53C40)},
  MRNUMBER = {2739807},
MRREVIEWER = {James Alexander McCoy},
       URL = {http://projecteuclid.org/euclid.jdg/1292940688},
}

@article{And-Lang16,
  title={Two-sided non-collapsing curvature flows},
  author={Andrews, Ben and Langford, Mat},
  journal={Annali della Scuola Normale Superiore di Pisa. Classe di scienze},
  volume={15},
  number={1},
  pages={543--560},
  year={2016},
  publisher={Classe di Scienze}
}

@article{And-Lang_cyl,
author = "Andrews, Ben and Langford, Mat",
doi = "10.2140/apde.2014.7.1091",
fjournal = "Analysis & PDE",
journal = "Anal. PDE",
number = "5",
pages = "1091--1107",
publisher = "MSP",
title = "Cylindrical estimates for hypersurfaces moving by convex curvature functions",
url = "https://doi.org/10.2140/apde.2014.7.1091",
volume = "7",
year = "2014"
}

@article {And-Lang-McCoy13,
    AUTHOR = {Andrews, Ben and Langford, Mat and McCoy, James},
     TITLE = {Non-collapsing in fully non-linear curvature flows},
   JOURNAL = {Ann. Inst. H. Poincar\'{e} Anal. Non Lin\'{e}aire},
  FJOURNAL = {Annales de l'Institut Henri Poincar\'{e}. Analyse Non Lin\'{e}aire},
    VOLUME = {30},
      YEAR = {2013},
    NUMBER = {1},
     PAGES = {23--32},
      ISSN = {0294-1449},
   MRCLASS = {53C44 (35K55)},
  MRNUMBER = {3011290},
MRREVIEWER = {Kin Ming Hui},
       DOI = {10.1016/j.anihpc.2012.05.003},
       URL = {https://doi.org/10.1016/j.anihpc.2012.05.003},
}

@article{ALM14,
author = "Andrews, Ben and Langford, Mathew and McCoy, James",
doi = "10.2140/apde.2014.7.407",
fjournal = "Analysis & PDE",
journal = "Anal. PDE",
number = "2",
pages = "407--433",
publisher = "MSP",
title = "Convexity estimates for hypersurfaces moving by convex curvature functions",
url = "https://doi.org/10.2140/apde.2014.7.407",
volume = "7",
year = "2014"
}

@article{And-Lang-McCoy15,
  title={Convexity estimates for surfaces moving by curvature functions},
  author={Andrews, Ben and Langford, Mat and McCoy, James},
  journal={Journal of Differential Geometry},
  volume={99},
  number={1},
  pages={47--75},
  year={2015},
  publisher={Lehigh University}
}

@article{AMY,
    AUTHOR = {Andrews, Ben and McCoy, James and Zheng, Yu},
     TITLE = {Contracting convex hypersurfaces by curvature},
   JOURNAL = {Calc. Var. Partial Differential Equations},
  FJOURNAL = {Calculus of Variations and Partial Differential Equations},
    VOLUME = {47},
      YEAR = {2013},
    NUMBER = {3-4},
     PAGES = {611--665},
      ISSN = {0944-2669},
   MRCLASS = {53C44 (35K55 58J35)},
  MRNUMBER = {3070558},
MRREVIEWER = {Kin Ming Hui},
       DOI = {10.1007/s00526-012-0530-3},
       URL = {http://dx.doi.org/10.1007/s00526-012-0530-3},
}

@article{Ang91,
author = "Angenent, Sigurd",
doi = "10.4310/jdg/1214446558",
fjournal = "Journal of Differential Geometry",
journal = "J. Differential Geom.",
number = "3",
pages = "601--633",
publisher = "Lehigh University",
title = "On the formation of singularities in the curve shortening flow",
url = "https://doi.org/10.4310/jdg/1214446558",
volume = "33",
year = "1991"
}

@article {Bourni-Lang,
      author = "Theodora Bourni and Mat Langford",
      title = "Type-II singularities of two-convex immersed mean curvature flow",
      journal = "Geometric Flows",
      year = "2016",
      publisher = "De Gruyter",
      address = "Berlin, Boston",
      volume = "2",
      number = "1",
      pages:      "1 - 17",
      url = "https://www.degruyter.com/view/journals/geofl/2/1/article-p1.xml"
}

@book{Brakke,
 author = {Kenneth A. Brakke},
 publisher = {Princeton University Press},
 title = {The Motion of a Surface by Its Mean Curvature. (MN-20)},
 year = {1978}
}


@article{Brendle15,
  title={A sharp bound for the inscribed radius under mean curvature flow},
  author={Brendle, Simon},
  journal={Inventiones mathematicae},
  volume={202},
  number={1},
  pages={217--237},
  year={2015},
  publisher={Springer}
}

@article{Brendle18,
  title={Ricci flow with surgery in higher dimensions},
  author={Brendle, Simon},
  journal={Annals of Mathematics},
  pages={263--299},
  year={2018},
  publisher={JSTOR}
}

@article{Brendle-Choi17,
  title={Uniqueness of convex ancient solutions to mean curvature flow in $$$\{$$\backslash$mathbb $\{$R$\}$$\}$\^{} 3$$},
  author={Brendle, Simon and Choi, Kyeongsu},
  journal={Inventiones mathematicae},
  volume={217},
  number={1},
  pages={35--76},
  year={2019},
  publisher={Springer}
}

@article{Brendle-Choi18,
  title={Uniqueness of convex ancient solutions to mean curvature flow in higher dimensions},
  author={Brendle, Simon and Choi, Kyeongsu},
  journal={arXiv preprint arXiv:1804.00018},
  year={2018}
}

@article{Brendle-Schoen,
  title={Manifolds with 1/4-pinched curvature are space forms},
  author={Brendle, Simon and Schoen, Richard},
  journal={Journal of the American Mathematical Society},
  volume={22},
  number={1},
  pages={287--307},
  year={2009}
}

@article {Bren-Huisk16,
    AUTHOR = {Brendle, Simon and Huisken, Gerhard},
     TITLE = {Mean curvature flow with surgery of mean convex surfaces in
              {$\Bbb R^3$}},
   JOURNAL = {Invent. Math.},
  FJOURNAL = {Inventiones Mathematicae},
    VOLUME = {203},
      YEAR = {2016},
    NUMBER = {2},
     PAGES = {615--654},
      ISSN = {0020-9910},
   MRCLASS = {53C44 (53A10)},
  MRNUMBER = {3455158},
MRREVIEWER = {James Alexander McCoy},
       DOI = {10.1007/s00222-015-0599-3},
       URL = {https://doi.org/10.1007/s00222-015-0599-3},
}

@article{Bren-Huisk16,
  title={Mean curvature flow with surgery of mean convex surfaces in $$$\backslash$mathbb $\{$R$\}$\^{} 3$$},
  author={Brendle, Simon and Huisken, Gerhard},
  journal={Inventiones mathematicae},
  volume={203},
  number={2},
  pages={615--654},
  year={2016},
  publisher={Springer}
}

@article {Bren-Huisk17,
    AUTHOR = {Brendle, Simon and Huisken, Gerhard},
     TITLE = {A fully nonlinear flow for two-convex hypersurfaces in
              {R}iemannian manifolds},
   JOURNAL = {Invent. Math.},
  FJOURNAL = {Inventiones Mathematicae},
    VOLUME = {210},
      YEAR = {2017},
    NUMBER = {2},
     PAGES = {559--613},
      ISSN = {0020-9910},
   MRCLASS = {53C44 (53B25 53C21 53C40)},
  MRNUMBER = {3714512},
MRREVIEWER = {Vasyl Gorkavyy},
       DOI = {10.1007/s00222-017-0736-2},
       URL = {https://doi.org/10.1007/s00222-017-0736-2},
}

@article {Bren-Huisk18,
    AUTHOR = {Brendle, Simon and Huisken, Gerhard},
     TITLE = {Mean curvature flow with surgery of mean convex surfaces in
              three-manifolds},
   JOURNAL = {J. Eur. Math. Soc. (JEMS)},
  FJOURNAL = {Journal of the European Mathematical Society (JEMS)},
    VOLUME = {20},
      YEAR = {2018},
    NUMBER = {9},
     PAGES = {2239--2257},
      ISSN = {1435-9855},
   MRCLASS = {53C44 (53C42)},
  MRNUMBER = {3836846},
MRREVIEWER = {Glen E. Wheeler},
       DOI = {10.4171/JEMS/811},
       URL = {https://doi.org/10.4171/JEMS/811},
}

@article{Chen-Giga-Goto,
  title={Uniqueness and existence of viscosity solutions of generalized mean curvature flow equations},
  author={Chen, Yun Gang and Giga, Yoshikazu and Goto, Shun'ichi},
  journal={Journal of differential geometry},
  volume={33},
  number={3},
  pages={749--786},
  year={1991},
  publisher={Lehigh University}
}

@article{Chow,
  title={Deforming convex hypersurfaces by the $n$-th root of the Gaussian curvature},
  author={Chow, Bennett and others},
  journal={Journal of Differential Geometry},
  volume={22},
  number={1},
  pages={117--138},
  year={1985},
  publisher={Lehigh University}
}

@article{DaLio,
  title={Remarks on the strong maximum principle for viscosity solutions to fully nonlinear parabolic equations},
  author={Da Lio, Francesca},
  journal={Communications on Pure \& Applied Analysis},
  volume={3},
  number={3},
  pages={395},
  year={2004},
  publisher={American Institute of Mathematical Sciences}
}

@article{DeGiorgi,
  title={Sulla differenziabilita e l'analiticita delle estremali degli integrali multipli regolari},
  author={De Giorgi, Ennio},
  journal={Matematika},
  volume={4},
  number={6},
  pages={23--38},
  year={1960}
}

@book{Ecker,
  title={Regularity theory for mean curvature flow},
  author={Ecker, Klaus},
  volume={57},
  year={2012},
  publisher={Springer Science \& Business Media}
}

@article {Eck-Huisk,
    AUTHOR = {Ecker, Klaus and Huisken, Gerhard},
     TITLE = {Interior estimates for hypersurfaces moving by mean curvature},
   JOURNAL = {Invent. Math.},
  FJOURNAL = {Inventiones Mathematicae},
    VOLUME = {105},
      YEAR = {1991},
    NUMBER = {3},
     PAGES = {547--569},
      ISSN = {0020-9910},
   MRCLASS = {53A10 (35K55 58E12)},
  MRNUMBER = {1117150},
MRREVIEWER = {Friedrich Sauvigny},
       DOI = {10.1007/BF01232278},
       URL = {https://doi.org/10.1007/BF01232278},
}

@article {Ev82,
    AUTHOR = {Evans, Lawrence C.},
     TITLE = {Classical solutions of fully nonlinear, convex, second-order
              elliptic equations},
   JOURNAL = {Comm. Pure Appl. Math.},
  FJOURNAL = {Communications on Pure and Applied Mathematics},
    VOLUME = {35},
      YEAR = {1982},
    NUMBER = {3},
     PAGES = {333--363},
      ISSN = {0010-3640},
   MRCLASS = {35J60 (93E20)},
  MRNUMBER = {649348},
MRREVIEWER = {Pierre-Louis Lions},
       DOI = {10.1002/cpa.3160350303},
       URL = {https://doi.org/10.1002/cpa.3160350303},
}

@book{Ev-Gar,
  title={Measure theory and fine properties of functions},
  author={Evans, Lawrence Craig and Gariepy, Ronald F},
  year={2015},
  publisher={CRC press}
}

@article{Evans-Spruck,
  title={Motion of level sets by mean curvature. {I}},
  author={Evans, L. C. and Spruck, J},
  journal={Journal of Differential Geometry},
  volume={33},
  number={3},
  pages={635--681},
  year={1991},
  publisher={Lehigh University}
}

@article{Gage84,
  title={Curve shortening makes convex curves circular},
  author={Gage, Michael E},
  journal={Inventiones mathematicae},
  volume={76},
  number={2},
  pages={357--364},
  year={1984},
  publisher={Springer}
}

@article{Gage-Hamilton,
  title={The heat equation shrinking convex plane curves},
  author={Gage, Michael and Hamilton, Richard S},
  journal={Journal of Differential Geometry},
  volume={23},
  number={1},
  pages={69--96},
  year={1986},
  publisher={Lehigh University}
}

@article{Glaeser,
 ISSN = {0003486X},
 URL = {http://www.jstor.org/stable/1970204},
 author = {Georges Glaeser},
 journal = {Annals of Mathematics},
 number = {1},
 pages = {193--209},
 publisher = {Annals of Mathematics},
 title = {Fonctions Composees Differentiables},
 volume = {77},
 year = {1963}
}

@article{Grayson87,
  title={The heat equation shrinks embedded plane curves to round points},
  author={Grayson, Matthew A},
  journal={Journal of Differential geometry},
  volume={26},
  number={2},
  pages={285--314},
  year={1987},
  publisher={Lehigh University}
}

@article{Ham82,
  title={Three-manifolds with positive Ricci curvature},
  author={Hamilton, Richard S.},
  journal={Journal of Differential Geometry},
  volume={17},
  number={2},
  pages={255--306},
  year={1982},
  publisher={Lehigh University}
}

@article{Ham93,
  title={The formations of singularities in the Ricci Flow},
  author={Hamilton, Richard},
  journal={Surveys in differential geometry},
  volume={2},
  number={1},
  pages={7--136},
  year={1993},
  publisher={International Press of Boston}
}

@article{Ham_har,
  title={Harnack estimate for the mean curvature flow},
  author={Hamilton, Richard S.},
  journal={Journal of Differential Geometry},
  volume={41},
  number={1},
  pages={215--226},
  year={1995},
  publisher={Lehigh University}
}

@article {Hasl-Klein,
    AUTHOR = {Haslhofer, Robert and Kleiner, Bruce},
     TITLE = {Mean curvature flow of mean convex hypersurfaces},
   JOURNAL = {Comm. Pure Appl. Math.},
  FJOURNAL = {Communications on Pure and Applied Mathematics},
    VOLUME = {70},
      YEAR = {2017},
    NUMBER = {3},
     PAGES = {511--546},
      ISSN = {0010-3640},
   MRCLASS = {53C44 (49Q20 53C42)},
  MRNUMBER = {3602529},
MRREVIEWER = {Qi Ding},
       DOI = {10.1002/cpa.21650},
       URL = {https://doi.org/10.1002/cpa.21650},
}

@article {Hasl-Klein_a,
    AUTHOR = {Haslhofer, Robert and Kleiner, Bruce},
     TITLE = {Mean curvature flow with surgery},
   JOURNAL = {Duke Math. J.},
  FJOURNAL = {Duke Mathematical Journal},
    VOLUME = {166},
      YEAR = {2017},
    NUMBER = {9},
     PAGES = {1591--1626},
      ISSN = {0012-7094},
   MRCLASS = {53C44 (35K93 53C21)},
  MRNUMBER = {3662439},
MRREVIEWER = {Valentina-Mira Wheeler},
       DOI = {10.1215/00127094-0000008X},
       URL = {https://doi.org/10.1215/00127094-0000008X},
}

@article {Huisk84,
    AUTHOR = {Huisken, Gerhard},
     TITLE = {Flow by mean curvature of convex surfaces into spheres},
   JOURNAL = {J. Differential Geom.},
  FJOURNAL = {Journal of Differential Geometry},
    VOLUME = {20},
      YEAR = {1984},
    NUMBER = {1},
     PAGES = {237--266},
      ISSN = {0022-040X},
   MRCLASS = {53C45 (49F05 58F17)},
  MRNUMBER = {772132},
MRREVIEWER = {R. Schneider},
       URL = {http://projecteuclid.org/euclid.jdg/1214438998},
}

@article {Huisk90,
    AUTHOR = {Huisken, Gerhard},
     TITLE = {Asymptotic behavior for singularities of the mean curvature
              flow},
   JOURNAL = {J. Differential Geom.},
  FJOURNAL = {Journal of Differential Geometry},
    VOLUME = {31},
      YEAR = {1990},
    NUMBER = {1},
     PAGES = {285--299},
      ISSN = {0022-040X},
   MRCLASS = {53A10 (35B99 53C45 58G11)},
  MRNUMBER = {1030675},
MRREVIEWER = {Dennis M. DeTurck},
       URL = {http://projecteuclid.org/euclid.jdg/1214444099},
}

@article{Huisk98,
  title={A distance comparison principle for evolving curves},
  author={Huisken, Gerhard},
  journal={Asian Journal of Mathematics},
  volume={2},
  number={1},
  pages={127--133},
  year={1998}
}
	
@article {Huisk-Sin09,
    AUTHOR = {Huisken, Gerhard and Sinestrari, Carlo},
     TITLE = {Mean curvature flow with surgeries of two-convex
              hypersurfaces},
   JOURNAL = {Invent. Math.},
  FJOURNAL = {Inventiones Mathematicae},
    VOLUME = {175},
      YEAR = {2009},
    NUMBER = {1},
     PAGES = {137--221},
      ISSN = {0020-9910},
   MRCLASS = {53C44 (35K93 53C21)},
  MRNUMBER = {2461428},
MRREVIEWER = {John Urbas},
       DOI = {10.1007/s00222-008-0148-4},
       URL = {https://doi.org/10.1007/s00222-008-0148-4},
}

@article{Huisk-Sin99,
  title={Mean curvature flow singularities for mean convex surfaces},
  author={Huisken, Gerhard and Sinestrari, Carlo},
  journal={Calculus of Variations and Partial Differential Equations},
  volume={8},
  number={1},
  pages={1--14},
  year={1999},
  publisher={Springer}
}

@article{Huisk-Sin99a,
  title={Convexity estimates for mean curvature flow and singularities of mean convex surfaces},
  author={Huisken, Gerhard and Sinestrari, Carlo},
  journal={Acta mathematica},
  volume={183},
  number={1},
  pages={45--70},
  year={1999},
  publisher={Institut Mittag-Leffler}
}

@article {Huisk-Sin15,
    AUTHOR = {Huisken, Gerhard and Sinestrari, Carlo},
     TITLE = {Convex ancient solutions of the mean curvature flow},
   JOURNAL = {J. Differential Geom.},
  FJOURNAL = {Journal of Differential Geometry},
    VOLUME = {101},
      YEAR = {2015},
    NUMBER = {2},
     PAGES = {267--287},
      ISSN = {0022-040X},
   MRCLASS = {53C44},
  MRNUMBER = {3399098},
MRREVIEWER = {Yongbing Zhang},
       URL = {http://projecteuclid.org/euclid.jdg/1442364652},
}

@book{Ilmanen94,
  title={Elliptic regularization and partial regularity for motion by mean curvature},
  author={Ilmanen, Tom},
  volume={520},
  year={1994},
  publisher={American Mathematical Soc.}
}

@article{Ivey,
  title={Ricci solitons on compact three-manifolds},
  author={Ivey, Thomas},
  journal={Differential Geometry and its Applications},
  volume={3},
  number={4},
  pages={301--307},
  year={1993},
  publisher={Elsevier}
}

@book{Kind-Stamp,
  title={An introduction to variational inequalities and their applications},
  author={Kinderlehrer, David and Stampacchia, Guido},
  volume={31},
  year={1980},
  publisher={Siam}
}

@article {Kryl82,
    AUTHOR = {Krylov, N. V.},
     TITLE = {Boundedly inhomogeneous elliptic and parabolic equations},
   JOURNAL = {Izv. Akad. Nauk SSSR Ser. Mat.},
  FJOURNAL = {Izvestiya Akademii Nauk SSSR. Seriya Matematicheskaya},
    VOLUME = {46},
      YEAR = {1982},
    NUMBER = {3},
     PAGES = {487--523, 670},
      ISSN = {0373-2436},
   MRCLASS = {35J65 (35K60)},
  MRNUMBER = {661144},
MRREVIEWER = {R. Schumann},
}

@article {Kryl-Saf,
    AUTHOR = {Krylov, N. V. and Safonov, M. V.},
     TITLE = {A property of the solutions of parabolic equations with
              measurable coefficients},
   JOURNAL = {Izv. Akad. Nauk SSSR Ser. Mat.},
  FJOURNAL = {Izvestiya Akademii Nauk SSSR. Seriya Matematicheskaya},
    VOLUME = {44},
      YEAR = {1980},
    NUMBER = {1},
     PAGES = {161--175, 239},
      ISSN = {0373-2436},
   MRCLASS = {35K25 (35B65)},
  MRNUMBER = {563790},
MRREVIEWER = {A. A. Novruzov},
}

@phdthesis{Lang14,
	author = {Langford, Mat},
	title = {Motion of hypersurfaces by curvature},
	year = {2014}
}

@phdthesis{Lynch_thesis,
	author = {Lynch, Stephen},
	title = {Convexity and gradient estimates for fully nonlinear curvature flows},
	year = {2020}
}

@article{Lang17,
  title={A general pinching principle for mean curvature flow and applications},
  author={Langford, Mat},
  journal={Calculus of Variations and Partial Differential Equations},
  volume={56},
  number={4},
  pages={107},
  year={2017},
  publisher={Springer}
}

@article {Lang-Lyn19,
     author = "Mat Langford and Stephen Lynch",
      title = "Sharp one-sided curvature estimates for fully nonlinear curvature flows and applications to ancient solutions",
      journal = "Journal f{\"{u}}r die reine und angewandte Mathematik",
      publisher = "De Gruyter",
      address = "Berlin, Boston",
      number = "to appear",
      pages:      "",
      url = "https://www.degruyter.com/view/journals/crll/ahead-of-print/article-10.1515-crelle-2019-0010/article-10.1515-crelle-2019-0010.xml"
}

@article{Lynch-Nguyen,
  title={Convexity Estimates for High Codimension Mean Curvature Flow},
  author={Lynch, Stephen and Nguyen, Huy The},
  journal={arXiv preprint arXiv:2006.05227},
  year={2020}
}

@book {Lieberman,
    AUTHOR = {Lieberman, Gary M.},
     TITLE = {Second order parabolic differential equations},
 PUBLISHER = {World Scientific Publishing Co., Inc., River Edge, NJ},
      YEAR = {1996},
     PAGES = {xii+439},
      ISBN = {981-02-2883-X},
   MRCLASS = {35-02 (35Bxx 35Dxx 35Kxx)},
  MRNUMBER = {1465184},
MRREVIEWER = {Siegfried Carl},
       DOI = {10.1142/3302},
       URL = {https://doi.org/10.1142/3302},
}

@article{Michael-Simon73,
author = {Michael, J. H. and Simon, L. M.},
title = {Sobolev and mean-value inequalities on generalized submanifolds of Rn},
journal = {Communications on Pure and Applied Mathematics},
volume = {26},
number = {3},
pages = {361-379},
doi = {10.1002/cpa.3160260305},
url = {https://onlinelibrary.wiley.com/doi/abs/10.1002/cpa.3160260305},
eprint = {https://onlinelibrary.wiley.com/doi/pdf/10.1002/cpa.3160260305},
year = {1973}
}

@article{Nash,
  title={Continuity of solutions of parabolic and elliptic equations},
  author={Nash, John},
  journal={American Journal of Mathematics},
  volume={80},
  number={4},
  pages={931--954},
  year={1958},
  publisher={JSTOR}
}

@article{Perelman_a,
  title={The entropy formula for the Ricci flow and its geometric applications},
  author={Perelman, Grisha},
  journal={arXiv preprint math/0211159},
  year={2002}
}

@article{Perelman_b,
  title={Ricci flow with surgery on three-manifolds},
  author={Perelman, Grisha},
  journal={arXiv preprint math/0303109},
  year={2003}
}

@article{Schwarz,
  title={Smooth functions invariant under the action of a compact Lie group},
  author={Schwarz, Gerald W},
  journal={Topology},
  volume={14},
  number={1},
  pages={63--68},
  year={1975},
  publisher={Pergamon}
}

@article{Sheng-Wang,
  title={Singularity profile in the mean curvature flow},
  author={Sheng, Weimin and Wang, Xu-Jia},
  journal={Methods and Applications of Analysis},
  volume={16},
  number={2},
  pages={139--156},
  year={2009},
  publisher={International Press of Boston}
}

@article{Urb91,
  title={An expansion of convex hypersurfaces},
  author={Urbas, John},
  journal={Journal of Differential Geometry},
  volume={33},
  number={1},
  pages={91--125},
  year={1991},
  publisher={Lehigh University}
}

@article{White03,
  title={The nature of singularities in mean curvature flow of mean-convex sets},
  author={White, Brian},
  journal={Journal of the American Mathematical Society},
  volume={16},
  number={1},
  pages={123--138},
  year={2003}
}

@article {White05,
    AUTHOR = {White, Brian},
     TITLE = {A local regularity theorem for mean curvature flow},
   JOURNAL = {Ann. of Math. (2)},
  FJOURNAL = {Annals of Mathematics. Second Series},
    VOLUME = {161},
      YEAR = {2005},
    NUMBER = {3},
     PAGES = {1487--1519},
      ISSN = {0003-486X},
   MRCLASS = {53C44},
  MRNUMBER = {2180405},
MRREVIEWER = {James Alexander McCoy},
       DOI = {10.4007/annals.2005.161.1487},
       URL = {https://doi.org/10.4007/annals.2005.161.1487},
}